timestamp,operation,source,trader,instrumentId,direction,size,price,orderType,tif,requestId,orderId

2025-04-28T07:00:01.096,SEND,BTEC_REPO_US,EGEI,SP25_912797PC5_C_Par_0,Buy,25.00,4.3600,Limit,FAK,-1,
2025-04-28T07:00:01.115,SENT,BTEC_REPO_US,EGEI,SP25_912797PC5_C_Par_0,Buy,25.00,4.3600,Limit,FAK,1,
2025-04-28T07:00:01.116,SEND,BTEC_REPO_US,EGEI,SP25_912797PC5_C_Par_0_AON,Sell,10.00,4.3000,Limit,FOK,-1,
2025-04-28T07:00:01.116,SENT,BTEC_REPO_US,EGEI,SP25_912797PC5_C_Par_0_AON,Sell,10.00,4.3000,Limit,FOK,2,
2025-04-28T07:00:01.141,SEND,BTEC_REPO_US,EGEI,USP_912810UE6_C_Par_0_AON,Buy,70.00,4.3600,Limit,FOK,-1,
2025-04-28T07:00:01.143,SENT,BTEC_REPO_US,EGEI,USP_912810UE6_C_Par_0_AON,Buy,70.00,4.3600,Limit,FOK,3,
2025-04-28T07:00:01.144,SEND,BTEC_REPO_US,EGEI,USP_912810UE6_C_Par_0,Sell,50.00,4.3400,Limit,FAK,-1,
2025-04-28T07:00:01.145,SENT,BTEC_REPO_US,EGEI,USP_912810UE6_C_Par_0,Sell,50.00,4.3400,Limit,FAK,4,
2025-04-28T07:00:01.148,SEND,BTEC_REPO_US,EGEI,SP25_912797PC5_C_Par_0,Buy,25.00,4.3600,Limit,FAK,-1,
2025-04-28T07:00:01.148,SENT,BTEC_REPO_US,EGEI,SP25_912797PC5_C_Par_0,Buy,25.00,4.3600,Limit,FAK,5,
2025-04-28T07:00:01.148,SEND,BTEC_REPO_US,EGEI,SP25_912797PC5_C_Par_0_AON,Sell,10.00,4.3000,Limit,FOK,-1,
2025-04-28T07:00:01.149,SENT,BTEC_REPO_US,EGEI,SP25_912797PC5_C_Par_0_AON,Sell,10.00,4.3000,Limit,FOK,6,
2025-04-28T07:00:01.361,SEND,BTEC_REPO_US,EGEI,SP25_912797PL5_C_Par_0,Buy,25.00,4.3600,Limit,FAK,-1,
2025-04-28T07:00:01.361,SENT,BTEC_REPO_US,EGEI,SP25_912797PL5_C_Par_0,Buy,25.00,4.3600,Limit,FAK,7,
2025-04-28T07:00:01.361,SEND,BTEC_REPO_US,EGEI,SP25_912797PL5_C_Par_0_AON,Sell,12.00,4.3200,Limit,FOK,-1,
2025-04-28T07:00:01.361,SENT,BTEC_REPO_US,EGEI,SP25_912797PL5_C_Par_0_AON,Sell,12.00,4.3200,Limit,FOK,8,
2025-04-28T07:00:01.459,SEND,BTEC_REPO_US,EGEI,SP25_912797PL5_C_Par_0,Buy,25.00,4.3600,Limit,FAK,-1,
2025-04-28T07:00:01.461,SENT,BTEC_REPO_US,EGEI,SP25_912797PL5_C_Par_0,Buy,25.00,4.3600,Limit,FAK,9,
2025-04-28T07:00:01.462,SEND,BTEC_REPO_US,EGEI,SP25_912797PL5_C_Par_0_AON,Sell,12.00,4.3200,Limit,FOK,-1,
2025-04-28T07:00:01.464,SENT,BTEC_REPO_US,EGEI,SP25_912797PL5_C_Par_0_AON,Sell,12.00,4.3200,Limit,FOK,10,
2025-04-28T07:00:01.466,SEND,BTEC_REPO_US,EGEI,SP25_912797PC5_C_Par_0,Buy,25.00,4.3600,Limit,FAK,-1,
2025-04-28T07:00:01.467,SENT,BTEC_REPO_US,EGEI,SP25_912797PC5_C_Par_0,Buy,25.00,4.3600,Limit,FAK,11,
2025-04-28T07:00:01.468,SEND,BTEC_REPO_US,EGEI,SP25_912797PC5_C_Par_0_AON,Sell,10.00,4.3000,Limit,FOK,-1,
2025-04-28T07:00:01.468,SENT,BTEC_REPO_US,EGEI,SP25_912797PC5_C_Par_0_AON,Sell,10.00,4.3000,Limit,FOK,12,
2025-04-28T07:00:01.469,SEND,BTEC_REPO_US,EGEI,USP_912810UE6_C_Par_0_AON,Buy,70.00,4.3600,Limit,FOK,-1,
2025-04-28T07:00:01.471,SENT,BTEC_REPO_US,EGEI,USP_912810UE6_C_Par_0_AON,Buy,70.00,4.3600,Limit,FOK,13,
2025-04-28T07:00:01.471,SEND,BTEC_REPO_US,EGEI,USP_912810UE6_C_Par_0,Sell,50.00,4.3400,Limit,FAK,-1,
2025-04-28T07:00:01.471,SENT,BTEC_REPO_US,EGEI,USP_912810UE6_C_Par_0,Sell,50.00,4.3400,Limit,FAK,14,
2025-04-28T07:00:01.760,SEND,BTEC_REPO_US,EGEI,SP25_912797PS0_C_Par_0,Buy,25.00,4.3600,Limit,FAK,-1,
2025-04-28T07:00:01.760,SENT,BTEC_REPO_US,EGEI,SP25_912797PS0_C_Par_0,Buy,25.00,4.3600,Limit,FAK,15,
2025-04-28T07:00:01.760,SEND,BTEC_REPO_US,EGEI,SP25_912797PS0_C_Par_0_AON,Sell,10.00,4.3300,Limit,FOK,-1,
2025-04-28T07:00:01.761,SENT,BTEC_REPO_US,EGEI,SP25_912797PS0_C_Par_0_AON,Sell,10.00,4.3300,Limit,FOK,16,
2025-04-28T07:00:02.074,SEND,BTEC_REPO_US,EGEI,USP_912810UE6_C_Par_0_AON,Buy,70.00,4.3600,Limit,FOK,-1,
2025-04-28T07:00:02.074,SENT,BTEC_REPO_US,EGEI,USP_912810UE6_C_Par_0_AON,Buy,70.00,4.3600,Limit,FOK,17,
2025-04-28T07:00:02.074,SEND,BTEC_REPO_US,EGEI,USP_912810UE6_C_Par_0,Sell,50.00,4.3400,Limit,FAK,-1,
2025-04-28T07:00:02.075,SENT,BTEC_REPO_US,EGEI,USP_912810UE6_C_Par_0,Sell,50.00,4.3400,Limit,FAK,18,
2025-04-28T07:00:02.129,SEND,BTEC_REPO_US,EGEI,SP25_912797QK6_C_Par_0,Buy,25.00,4.3900,Limit,FAK,-1,
2025-04-28T07:00:02.129,SENT,BTEC_REPO_US,EGEI,SP25_912797QK6_C_Par_0,Buy,25.00,4.3900,Limit,FAK,19,
2025-04-28T07:00:02.129,SEND,BTEC_REPO_US,EGEI,SP25_912797QK6_C_Par_0_AON,Sell,12.00,4.3400,Limit,FOK,-1,
2025-04-28T07:00:02.129,SENT,BTEC_REPO_US,EGEI,SP25_912797QK6_C_Par_0_AON,Sell,12.00,4.3400,Limit,FOK,20,
2025-04-28T07:00:02.138,SEND,BTEC_REPO_US,EGEI,SP25_912797PS0_C_Par_0,Buy,25.00,4.3600,Limit,FAK,-1,
2025-04-28T07:00:02.139,SENT,BTEC_REPO_US,EGEI,SP25_912797PS0_C_Par_0,Buy,25.00,4.3600,Limit,FAK,21,
2025-04-28T07:00:02.139,SEND,BTEC_REPO_US,EGEI,SP25_912797PS0_C_Par_0_AON,Sell,10.00,4.3300,Limit,FOK,-1,
2025-04-28T07:00:02.139,SENT,BTEC_REPO_US,EGEI,SP25_912797PS0_C_Par_0_AON,Sell,10.00,4.3300,Limit,FOK,22,
2025-04-28T07:00:02.293,SEND,BTEC_REPO_US,EGEI,SP25_912797PL5_C_Par_0,Buy,25.00,4.3700,Limit,FAK,-1,
2025-04-28T07:00:02.293,SENT,BTEC_REPO_US,EGEI,SP25_912797PL5_C_Par_0,Buy,25.00,4.3700,Limit,FAK,23,
2025-04-28T07:00:02.294,SEND,BTEC_REPO_US,EGEI,SP25_912797PL5_C_Par_0_AON,Sell,12.00,4.3200,Limit,FOK,-1,
2025-04-28T07:00:02.294,SENT,BTEC_REPO_US,EGEI,SP25_912797PL5_C_Par_0_AON,Sell,12.00,4.3200,Limit,FOK,24,
2025-04-28T07:00:02.458,SEND,BTEC_REPO_US,EGEI,SP25_912797PL5_C_Par_0,Buy,25.00,4.3700,Limit,FAK,-1,
2025-04-28T07:00:02.458,SENT,BTEC_REPO_US,EGEI,SP25_912797PL5_C_Par_0,Buy,25.00,4.3700,Limit,FAK,25,
2025-04-28T07:00:02.458,SEND,BTEC_REPO_US,EGEI,SP25_912797PL5_C_Par_0_AON,Sell,12.00,4.3200,Limit,FOK,-1,
2025-04-28T07:00:02.459,SENT,BTEC_REPO_US,EGEI,SP25_912797PL5_C_Par_0_AON,Sell,12.00,4.3200,Limit,FOK,26,
2025-04-28T07:00:02.461,SEND,BTEC_REPO_US,EGEI,SP25_912797PC5_C_Par_0,Buy,25.00,4.3600,Limit,FAK,-1,
2025-04-28T07:00:02.461,SENT,BTEC_REPO_US,EGEI,SP25_912797PC5_C_Par_0,Buy,25.00,4.3600,Limit,FAK,27,
2025-04-28T07:00:02.461,SEND,BTEC_REPO_US,EGEI,SP25_912797PC5_C_Par_0_AON,Sell,10.00,4.3000,Limit,FOK,-1,
2025-04-28T07:00:02.461,SENT,BTEC_REPO_US,EGEI,SP25_912797PC5_C_Par_0_AON,Sell,10.00,4.3000,Limit,FOK,28,
2025-04-28T07:00:02.462,SEND,BTEC_REPO_US,EGEI,SP25_912797QK6_C_Par_0,Buy,25.00,4.3900,Limit,FAK,-1,
2025-04-28T07:00:02.463,SENT,BTEC_REPO_US,EGEI,SP25_912797QK6_C_Par_0,Buy,25.00,4.3900,Limit,FAK,29,
2025-04-28T07:00:02.463,SEND,BTEC_REPO_US,EGEI,SP25_912797QK6_C_Par_0_AON,Sell,12.00,4.3400,Limit,FOK,-1,
2025-04-28T07:00:02.463,SENT,BTEC_REPO_US,EGEI,SP25_912797QK6_C_Par_0_AON,Sell,12.00,4.3400,Limit,FOK,30,
2025-04-28T07:00:02.464,SEND,BTEC_REPO_US,EGEI,SP25_912797PS0_C_Par_0,Buy,25.00,4.3600,Limit,FAK,-1,
2025-04-28T07:00:02.464,SENT,BTEC_REPO_US,EGEI,SP25_912797PS0_C_Par_0,Buy,25.00,4.3600,Limit,FAK,31,
2025-04-28T07:00:02.464,SEND,BTEC_REPO_US,EGEI,SP25_912797PS0_C_Par_0_AON,Sell,10.00,4.3300,Limit,FOK,-1,
2025-04-28T07:00:02.465,SENT,BTEC_REPO_US,EGEI,SP25_912797PS0_C_Par_0_AON,Sell,10.00,4.3300,Limit,FOK,32,
2025-04-28T07:00:02.515,SEND,BTEC_REPO_US,EGEI,SP25_912797QF7_C_Par_0,Buy,25.00,4.4200,Limit,FAK,-1,
2025-04-28T07:00:02.516,SENT,BTEC_REPO_US,EGEI,SP25_912797QF7_C_Par_0,Buy,25.00,4.4200,Limit,FAK,33,
2025-04-28T07:00:02.516,SEND,BTEC_REPO_US,EGEI,SP25_912797QF7_C_Par_0_AON,Sell,10.00,4.2500,Limit,FOK,-1,
2025-04-28T07:00:02.516,SENT,BTEC_REPO_US,EGEI,SP25_912797QF7_C_Par_0_AON,Sell,10.00,4.2500,Limit,FOK,34,
2025-04-28T07:00:02.693,SEND,BTEC_REPO_US,EGEI,SP25_912797PL5_C_Par_0,Buy,25.00,4.3700,Limit,FAK,-1,
2025-04-28T07:00:02.693,SENT,BTEC_REPO_US,EGEI,SP25_912797PL5_C_Par_0,Buy,25.00,4.3700,Limit,FAK,35,
2025-04-28T07:00:02.694,SEND,BTEC_REPO_US,EGEI,SP25_912797PL5_C_Par_0_AON,Sell,12.00,4.3200,Limit,FOK,-1,
2025-04-28T07:00:02.694,SENT,BTEC_REPO_US,EGEI,SP25_912797PL5_C_Par_0_AON,Sell,12.00,4.3200,Limit,FOK,36,
2025-04-28T07:00:02.695,SEND,DEALERWEB_REPO,aslegerhard01,91282CAM3_20250428_20250429,Buy,25.00,4.3300,Limit,FAS,-1,
2025-04-28T07:00:02.695,SENT,DEALERWEB_REPO,aslegerhard01,91282CAM3_20250428_20250429,Buy,25.00,4.3300,Limit,FAS,37,
2025-04-28T07:00:02.695,SEND,BTEC_REPO_US,EGEI,SP25_91282CAM3_C_Par_0,Sell,25.00,4.2800,Limit,FAK,-1,
2025-04-28T07:00:02.695,SENT,BTEC_REPO_US,EGEI,SP25_91282CAM3_C_Par_0,Sell,25.00,4.2800,Limit,FAK,38,
2025-04-28T07:00:02.761,SEND,DEALERWEB_REPO,aslegerhard01,91282CGE5_20250428_20250429,Buy,25.00,3.9900,Limit,FAS,-1,
2025-04-28T07:00:02.761,SENT,DEALERWEB_REPO,aslegerhard01,91282CGE5_20250428_20250429,Buy,25.00,3.9900,Limit,FAS,39,
2025-04-28T07:00:02.761,SEND,BTEC_REPO_US,EGEI,SP25_91282CGE5_C_Par_0,Sell,25.00,3.9500,Limit,FAK,-1,
2025-04-28T07:00:02.762,SENT,BTEC_REPO_US,EGEI,SP25_91282CGE5_C_Par_0,Sell,25.00,3.9500,Limit,FAK,40,
2025-04-28T07:00:02.781,SEND,DEALERWEB_REPO,aslegerhard01,912797LN5_20250428_20250429,Buy,25.00,4.3600,Limit,FAS,-1,
2025-04-28T07:00:02.781,SENT,DEALERWEB_REPO,aslegerhard01,912797LN5_20250428_20250429,Buy,25.00,4.3600,Limit,FAS,41,
2025-04-28T07:00:02.781,SEND,BTEC_REPO_US,EGEI,SP25_912797LN5_C_Par_0,Sell,25.00,4.3400,Limit,FAK,-1,
2025-04-28T07:00:02.782,SENT,BTEC_REPO_US,EGEI,SP25_912797LN5_C_Par_0,Sell,25.00,4.3400,Limit,FAK,42,
2025-04-28T07:00:02.865,SEND,DEALERWEB_REPO,aslegerhard01,912810FG8_20250428_20250429,Buy,25.00,4.3000,Limit,FAS,-1,
2025-04-28T07:00:02.866,SENT,DEALERWEB_REPO,aslegerhard01,912810FG8_20250428_20250429,Buy,25.00,4.3000,Limit,FAS,43,
2025-04-28T07:00:02.866,SEND,BTEC_REPO_US,EGEI,SP25_912810FG8_C_Par_0,Sell,25.00,4.2700,Limit,FAK,-1,
2025-04-28T07:00:02.867,SENT,BTEC_REPO_US,EGEI,SP25_912810FG8_C_Par_0,Sell,25.00,4.2700,Limit,FAK,44,
2025-04-28T07:00:02.887,SEND,DEALERWEB_REPO,aslegerhard01,912797MH7_20250428_20250429,Buy,25.00,4.2800,Limit,FAS,-1,
2025-04-28T07:00:02.888,SENT,DEALERWEB_REPO,aslegerhard01,912797MH7_20250428_20250429,Buy,25.00,4.2800,Limit,FAS,45,
2025-04-28T07:00:02.888,SEND,BTEC_REPO_US,EGEI,SP25_912797MH7_C_Par_0,Sell,25.00,4.2200,Limit,FAK,-1,
2025-04-28T07:00:02.888,SENT,BTEC_REPO_US,EGEI,SP25_912797MH7_C_Par_0,Sell,25.00,4.2200,Limit,FAK,46,
2025-04-28T07:00:02.898,SEND,DEALERWEB_REPO,aslegerhard01,9128285T3_20250428_20250429,Buy,25.00,4.3300,Limit,FAS,-1,
2025-04-28T07:00:02.899,SENT,DEALERWEB_REPO,aslegerhard01,9128285T3_20250428_20250429,Buy,25.00,4.3300,Limit,FAS,47,
2025-04-28T07:00:02.899,SEND,BTEC_REPO_US,EGEI,SP25_9128285T3_C_Par_0,Sell,25.00,4.3100,Limit,FAK,-1,
2025-04-28T07:00:02.900,SENT,BTEC_REPO_US,EGEI,SP25_9128285T3_C_Par_0,Sell,25.00,4.3100,Limit,FAK,48,
2025-04-28T07:00:02.961,SEND,BTEC_REPO_US,EGEI,SP25_912797PS0_C_Par_0,Buy,25.00,4.3600,Limit,FAK,-1,
2025-04-28T07:00:02.962,SENT,BTEC_REPO_US,EGEI,SP25_912797PS0_C_Par_0,Buy,25.00,4.3600,Limit,FAK,49,
2025-04-28T07:00:02.962,SEND,BTEC_REPO_US,EGEI,SP25_912797PS0_C_Par_0_AON,Sell,10.00,4.3300,Limit,FOK,-1,
2025-04-28T07:00:02.962,SENT,BTEC_REPO_US,EGEI,SP25_912797PS0_C_Par_0_AON,Sell,10.00,4.3300,Limit,FOK,50,
2025-04-28T07:00:03.168,SEND,BTEC_REPO_US,EGEI,SP25_912797QF7_C_Par_0,Buy,25.00,4.4200,Limit,FAK,-1,
2025-04-28T07:00:03.169,SENT,BTEC_REPO_US,EGEI,SP25_912797QF7_C_Par_0,Buy,25.00,4.4200,Limit,FAK,51,
2025-04-28T07:00:03.169,SEND,BTEC_REPO_US,EGEI,SP25_912797QF7_C_Par_0_AON,Sell,10.00,4.2500,Limit,FOK,-1,
2025-04-28T07:00:03.169,SENT,BTEC_REPO_US,EGEI,SP25_912797QF7_C_Par_0_AON,Sell,10.00,4.2500,Limit,FOK,52,
2025-04-28T07:00:03.469,SEND,DEALERWEB_REPO,aslegerhard01,91282CAM3_20250428_20250429,Buy,25.00,4.3300,Limit,FAS,-1,
2025-04-28T07:00:03.469,SENT,DEALERWEB_REPO,aslegerhard01,91282CAM3_20250428_20250429,Buy,25.00,4.3300,Limit,FAS,53,
2025-04-28T07:00:03.470,SEND,BTEC_REPO_US,EGEI,SP25_91282CAM3_C_Par_0,Sell,25.00,4.2800,Limit,FAK,-1,
2025-04-28T07:00:03.470,SENT,BTEC_REPO_US,EGEI,SP25_91282CAM3_C_Par_0,Sell,25.00,4.2800,Limit,FAK,54,
2025-04-28T07:00:03.472,SEND,DEALERWEB_REPO,aslegerhard01,9128285T3_20250428_20250429,Buy,25.00,4.3300,Limit,FAS,-1,
2025-04-28T07:00:03.473,SENT,DEALERWEB_REPO,aslegerhard01,9128285T3_20250428_20250429,Buy,25.00,4.3300,Limit,FAS,55,
2025-04-28T07:00:03.473,SEND,BTEC_REPO_US,EGEI,SP25_9128285T3_C_Par_0,Sell,25.00,4.3100,Limit,FAK,-1,
2025-04-28T07:00:03.474,SENT,BTEC_REPO_US,EGEI,SP25_9128285T3_C_Par_0,Sell,25.00,4.3100,Limit,FAK,56,
2025-04-28T07:00:03.475,SEND,DEALERWEB_REPO,aslegerhard01,912797LN5_20250428_20250429,Buy,25.00,4.3600,Limit,FAS,-1,
2025-04-28T07:00:03.476,SENT,DEALERWEB_REPO,aslegerhard01,912797LN5_20250428_20250429,Buy,25.00,4.3600,Limit,FAS,57,
2025-04-28T07:00:03.476,SEND,BTEC_REPO_US,EGEI,SP25_912797LN5_C_Par_0,Sell,25.00,4.3400,Limit,FAK,-1,
2025-04-28T07:00:03.476,SENT,BTEC_REPO_US,EGEI,SP25_912797LN5_C_Par_0,Sell,25.00,4.3400,Limit,FAK,58,
2025-04-28T07:00:03.478,SEND,DEALERWEB_REPO,aslegerhard01,912810FG8_20250428_20250429,Buy,25.00,4.3000,Limit,FAS,-1,
2025-04-28T07:00:03.479,SENT,DEALERWEB_REPO,aslegerhard01,912810FG8_20250428_20250429,Buy,25.00,4.3000,Limit,FAS,59,
2025-04-28T07:00:03.479,SEND,BTEC_REPO_US,EGEI,SP25_912810FG8_C_Par_0,Sell,25.00,4.2700,Limit,FAK,-1,
2025-04-28T07:00:03.479,SENT,BTEC_REPO_US,EGEI,SP25_912810FG8_C_Par_0,Sell,25.00,4.2700,Limit,FAK,60,
2025-04-28T07:00:03.480,SEND,DEALERWEB_REPO,aslegerhard01,91282CGE5_20250428_20250429,Buy,25.00,3.9900,Limit,FAS,-1,
2025-04-28T07:00:03.480,SENT,DEALERWEB_REPO,aslegerhard01,91282CGE5_20250428_20250429,Buy,25.00,3.9900,Limit,FAS,61,
2025-04-28T07:00:03.480,SEND,BTEC_REPO_US,EGEI,SP25_91282CGE5_C_Par_0,Sell,25.00,3.9500,Limit,FAK,-1,
2025-04-28T07:00:03.481,SENT,BTEC_REPO_US,EGEI,SP25_91282CGE5_C_Par_0,Sell,25.00,3.9500,Limit,FAK,62,
2025-04-28T07:00:04.459,SEND,DEALERWEB_REPO,aslegerhard01,91282CGE5_20250428_20250429,Buy,25.00,3.9900,Limit,FAS,-1,
2025-04-28T07:00:04.460,SENT,DEALERWEB_REPO,aslegerhard01,91282CGE5_20250428_20250429,Buy,25.00,3.9900,Limit,FAS,63,
2025-04-28T07:00:04.460,SEND,BTEC_REPO_US,EGEI,SP25_91282CGE5_C_Par_0,Sell,25.00,3.9500,Limit,FAK,-1,
2025-04-28T07:00:04.460,SENT,BTEC_REPO_US,EGEI,SP25_91282CGE5_C_Par_0,Sell,25.00,3.9500,Limit,FAK,64,
2025-04-28T07:00:05.460,SEND,DEALERWEB_REPO,aslegerhard01,91282CGE5_20250428_20250429,Buy,25.00,3.9900,Limit,FAS,-1,
2025-04-28T07:00:05.460,SENT,DEALERWEB_REPO,aslegerhard01,91282CGE5_20250428_20250429,Buy,25.00,3.9900,Limit,FAS,65,
2025-04-28T07:00:05.460,SEND,BTEC_REPO_US,EGEI,SP25_91282CGE5_C_Par_0,Sell,25.00,3.9500,Limit,FAK,-1,
2025-04-28T07:00:05.461,SENT,BTEC_REPO_US,EGEI,SP25_91282CGE5_C_Par_0,Sell,25.00,3.9500,Limit,FAK,66,
2025-04-28T07:00:06.460,SEND,DEALERWEB_REPO,aslegerhard01,91282CGE5_20250428_20250429,Buy,25.00,3.9900,Limit,FAS,-1,
2025-04-28T07:00:06.460,SENT,DEALERWEB_REPO,aslegerhard01,91282CGE5_20250428_20250429,Buy,25.00,3.9900,Limit,FAS,67,
2025-04-28T07:00:06.460,SEND,BTEC_REPO_US,EGEI,SP25_91282CGE5_C_Par_0,Sell,25.00,3.9500,Limit,FAK,-1,
2025-04-28T07:00:06.460,SENT,BTEC_REPO_US,EGEI,SP25_91282CGE5_C_Par_0,Sell,25.00,3.9500,Limit,FAK,68,
2025-04-28T07:00:07.462,SEND,DEALERWEB_REPO,aslegerhard01,91282CGE5_20250428_20250429,Buy,25.00,3.9900,Limit,FAS,-1,
2025-04-28T07:00:07.462,SENT,DEALERWEB_REPO,aslegerhard01,91282CGE5_20250428_20250429,Buy,25.00,3.9900,Limit,FAS,69,
2025-04-28T07:00:07.463,SEND,BTEC_REPO_US,EGEI,SP25_91282CGE5_C_Par_0,Sell,25.00,3.9500,Limit,FAK,-1,
2025-04-28T07:00:07.463,SENT,BTEC_REPO_US,EGEI,SP25_91282CGE5_C_Par_0,Sell,25.00,3.9500,Limit,FAK,70,
2025-04-28T07:00:08.460,SEND,DEALERWEB_REPO,aslegerhard01,91282CGE5_20250428_20250429,Buy,25.00,3.9900,Limit,FAS,-1,
2025-04-28T07:00:08.460,SENT,DEALERWEB_REPO,aslegerhard01,91282CGE5_20250428_20250429,Buy,25.00,3.9900,Limit,FAS,71,
2025-04-28T07:00:08.460,SEND,BTEC_REPO_US,EGEI,SP25_91282CGE5_C_Par_0,Sell,25.00,3.9500,Limit,FAK,-1,
2025-04-28T07:00:08.460,SENT,BTEC_REPO_US,EGEI,SP25_91282CGE5_C_Par_0,Sell,25.00,3.9500,Limit,FAK,72,
2025-04-28T07:00:09.460,SEND,DEALERWEB_REPO,aslegerhard01,91282CGE5_20250428_20250429,Buy,25.00,3.9900,Limit,FAS,-1,
2025-04-28T07:00:09.460,SENT,DEALERWEB_REPO,aslegerhard01,91282CGE5_20250428_20250429,Buy,25.00,3.9900,Limit,FAS,73,
2025-04-28T07:00:09.460,SEND,BTEC_REPO_US,EGEI,SP25_91282CGE5_C_Par_0,Sell,25.00,3.9500,Limit,FAK,-1,
2025-04-28T07:00:09.460,SENT,BTEC_REPO_US,EGEI,SP25_91282CGE5_C_Par_0,Sell,25.00,3.9500,Limit,FAK,74,
2025-04-28T07:00:18.311,SEND,DEALERWEB_REPO,aslegerhard01,91282CEF4_20250428_20250429,Buy,25.00,4.3800,Limit,FAS,-1,
2025-04-28T07:00:18.312,SENT,DEALERWEB_REPO,aslegerhard01,91282CEF4_20250428_20250429,Buy,25.00,4.3800,Limit,FAS,75,
2025-04-28T07:00:18.312,SEND,BTEC_REPO_US,EGEI,SP25_91282CEF4_C_Par_0,Sell,25.00,4.3600,Limit,FAK,-1,
2025-04-28T07:00:18.312,SENT,BTEC_REPO_US,EGEI,SP25_91282CEF4_C_Par_0,Sell,25.00,4.3600,Limit,FAK,76,
2025-04-28T07:00:18.320,SEND,DEALERWEB_REPO,aslegerhard01,912797NL7_20250428_20250429,Buy,25.00,4.2100,Limit,FAS,-1,
2025-04-28T07:00:18.321,SENT,DEALERWEB_REPO,aslegerhard01,912797NL7_20250428_20250429,Buy,25.00,4.2100,Limit,FAS,77,
2025-04-28T07:00:18.321,SEND,BTEC_REPO_US,EGEI,SP25_912797NL7_C_Par_0,Sell,25.00,4.1900,Limit,FAK,-1,
2025-04-28T07:00:18.321,SENT,BTEC_REPO_US,EGEI,SP25_912797NL7_C_Par_0,Sell,25.00,4.1900,Limit,FAK,78,
2025-04-28T07:00:18.351,SEND,BTEC_REPO_US,EGEI,SP25_912797PH4_C_Par_0,Buy,25.00,4.3400,Limit,FAK,-1,
2025-04-28T07:00:18.352,SENT,BTEC_REPO_US,EGEI,SP25_912797PH4_C_Par_0,Buy,25.00,4.3400,Limit,FAK,79,
2025-04-28T07:00:18.352,SEND,BTEC_REPO_US,EGEI,SP25_912797PH4_C_Par_0_AON,Sell,10.00,4.3100,Limit,FOK,-1,
2025-04-28T07:00:18.352,SENT,BTEC_REPO_US,EGEI,SP25_912797PH4_C_Par_0_AON,Sell,10.00,4.3100,Limit,FOK,80,
2025-04-28T07:00:18.355,SEND,DEALERWEB_REPO,aslegerhard01,912797NU7_20250428_20250429,Buy,25.00,4.2700,Limit,FAS,-1,
2025-04-28T07:00:18.355,SENT,DEALERWEB_REPO,aslegerhard01,912797NU7_20250428_20250429,Buy,25.00,4.2700,Limit,FAS,81,
2025-04-28T07:00:18.355,SEND,BTEC_REPO_US,EGEI,SP25_912797NU7_C_Par_0,Sell,25.00,4.2400,Limit,FAK,-1,
2025-04-28T07:00:18.355,SENT,BTEC_REPO_US,EGEI,SP25_912797NU7_C_Par_0,Sell,25.00,4.2400,Limit,FAK,82,
2025-04-28T07:00:18.399,SEND,BTEC_REPO_US,EGEI,SP25_912797QJ9_C_Par_0,Buy,25.00,4.3200,Limit,FAK,-1,
2025-04-28T07:00:18.399,SENT,BTEC_REPO_US,EGEI,SP25_912797QJ9_C_Par_0,Buy,25.00,4.3200,Limit,FAK,83,
2025-04-28T07:00:18.399,SEND,DEALERWEB_REPO,aslegerhard01,912797QJ9_20250428_20250429,Sell,25.00,4.3000,Limit,FAS,-1,
2025-04-28T07:00:18.399,SENT,DEALERWEB_REPO,aslegerhard01,912797QJ9_20250428_20250429,Sell,25.00,4.3000,Limit,FAS,84,
2025-04-28T07:00:18.460,SEND,DEALERWEB_REPO,aslegerhard01,91282CEF4_20250428_20250429,Buy,25.00,4.3800,Limit,FAS,-1,
2025-04-28T07:00:18.460,SENT,DEALERWEB_REPO,aslegerhard01,91282CEF4_20250428_20250429,Buy,25.00,4.3800,Limit,FAS,85,
2025-04-28T07:00:18.460,SEND,BTEC_REPO_US,EGEI,SP25_91282CEF4_C_Par_0,Sell,25.00,4.3600,Limit,FAK,-1,
2025-04-28T07:00:18.460,SENT,BTEC_REPO_US,EGEI,SP25_91282CEF4_C_Par_0,Sell,25.00,4.3600,Limit,FAK,86,
2025-04-28T07:00:19.459,SEND,DEALERWEB_REPO,aslegerhard01,91282CEF4_20250428_20250429,Buy,25.00,4.3800,Limit,FAS,-1,
2025-04-28T07:00:19.460,SENT,DEALERWEB_REPO,aslegerhard01,91282CEF4_20250428_20250429,Buy,25.00,4.3800,Limit,FAS,87,
2025-04-28T07:00:19.460,SEND,BTEC_REPO_US,EGEI,SP25_91282CEF4_C_Par_0,Sell,25.00,4.3600,Limit,FAK,-1,
2025-04-28T07:00:19.460,SENT,BTEC_REPO_US,EGEI,SP25_91282CEF4_C_Par_0,Sell,25.00,4.3600,Limit,FAK,88,
2025-04-28T07:00:20.458,SEND,DEALERWEB_REPO,aslegerhard01,91282CEF4_20250428_20250429,Buy,25.00,4.3800,Limit,FAS,-1,
2025-04-28T07:00:20.459,SENT,DEALERWEB_REPO,aslegerhard01,91282CEF4_20250428_20250429,Buy,25.00,4.3800,Limit,FAS,89,
2025-04-28T07:00:20.459,SEND,BTEC_REPO_US,EGEI,SP25_91282CEF4_C_Par_0,Sell,25.00,4.3600,Limit,FAK,-1,
2025-04-28T07:00:20.459,SENT,BTEC_REPO_US,EGEI,SP25_91282CEF4_C_Par_0,Sell,25.00,4.3600,Limit,FAK,90,
2025-04-28T07:00:21.458,SEND,DEALERWEB_REPO,aslegerhard01,91282CEF4_20250428_20250429,Buy,25.00,4.3800,Limit,FAS,-1,
2025-04-28T07:00:21.458,SENT,DEALERWEB_REPO,aslegerhard01,91282CEF4_20250428_20250429,Buy,25.00,4.3800,Limit,FAS,91,
2025-04-28T07:00:21.458,SEND,BTEC_REPO_US,EGEI,SP25_91282CEF4_C_Par_0,Sell,25.00,4.3600,Limit,FAK,-1,
2025-04-28T07:00:21.458,SENT,BTEC_REPO_US,EGEI,SP25_91282CEF4_C_Par_0,Sell,25.00,4.3600,Limit,FAK,92,
2025-04-28T07:00:22.458,SEND,DEALERWEB_REPO,aslegerhard01,91282CEF4_20250428_20250429,Buy,25.00,4.3800,Limit,FAS,-1,
2025-04-28T07:00:22.458,SENT,DEALERWEB_REPO,aslegerhard01,91282CEF4_20250428_20250429,Buy,25.00,4.3800,Limit,FAS,93,
2025-04-28T07:00:22.458,SEND,BTEC_REPO_US,EGEI,SP25_91282CEF4_C_Par_0,Sell,25.00,4.3600,Limit,FAK,-1,
2025-04-28T07:00:22.459,SENT,BTEC_REPO_US,EGEI,SP25_91282CEF4_C_Par_0,Sell,25.00,4.3600,Limit,FAK,94,
2025-04-28T07:00:23.458,SEND,DEALERWEB_REPO,aslegerhard01,91282CEF4_20250428_20250429,Buy,25.00,4.3800,Limit,FAS,-1,
2025-04-28T07:00:23.458,SENT,DEALERWEB_REPO,aslegerhard01,91282CEF4_20250428_20250429,Buy,25.00,4.3800,Limit,FAS,95,
2025-04-28T07:00:23.458,SEND,BTEC_REPO_US,EGEI,SP25_91282CEF4_C_Par_0,Sell,25.00,4.3600,Limit,FAK,-1,
2025-04-28T07:00:23.458,SENT,BTEC_REPO_US,EGEI,SP25_91282CEF4_C_Par_0,Sell,25.00,4.3600,Limit,FAK,96,
2025-04-28T07:00:24.458,SEND,DEALERWEB_REPO,aslegerhard01,91282CEF4_20250428_20250429,Buy,25.00,4.3800,Limit,FAS,-1,
2025-04-28T07:00:24.458,SENT,DEALERWEB_REPO,aslegerhard01,91282CEF4_20250428_20250429,Buy,25.00,4.3800,Limit,FAS,97,
2025-04-28T07:00:24.458,SEND,BTEC_REPO_US,EGEI,SP25_91282CEF4_C_Par_0,Sell,25.00,4.3600,Limit,FAK,-1,
2025-04-28T07:00:24.458,SENT,BTEC_REPO_US,EGEI,SP25_91282CEF4_C_Par_0,Sell,25.00,4.3600,Limit,FAK,98,
2025-04-28T07:00:25.459,SEND,DEALERWEB_REPO,aslegerhard01,91282CEF4_20250428_20250429,Buy,25.00,4.3800,Limit,FAS,-1,
2025-04-28T07:00:25.460,SENT,DEALERWEB_REPO,aslegerhard01,91282CEF4_20250428_20250429,Buy,25.00,4.3800,Limit,FAS,99,
2025-04-28T07:00:25.460,SEND,BTEC_REPO_US,EGEI,SP25_91282CEF4_C_Par_0,Sell,25.00,4.3600,Limit,FAK,-1,
2025-04-28T07:00:25.460,SENT,BTEC_REPO_US,EGEI,SP25_91282CEF4_C_Par_0,Sell,25.00,4.3600,Limit,FAK,100,
2025-04-28T07:00:26.459,SEND,DEALERWEB_REPO,aslegerhard01,91282CEF4_20250428_20250429,Buy,25.00,4.3800,Limit,FAS,-1,
2025-04-28T07:00:26.459,SENT,DEALERWEB_REPO,aslegerhard01,91282CEF4_20250428_20250429,Buy,25.00,4.3800,Limit,FAS,101,
2025-04-28T07:00:26.459,SEND,BTEC_REPO_US,EGEI,SP25_91282CEF4_C_Par_0,Sell,25.00,4.3600,Limit,FAK,-1,
2025-04-28T07:00:26.459,SENT,BTEC_REPO_US,EGEI,SP25_91282CEF4_C_Par_0,Sell,25.00,4.3600,Limit,FAK,102,
2025-04-28T07:00:27.458,SEND,DEALERWEB_REPO,aslegerhard01,91282CEF4_20250428_20250429,Buy,25.00,4.3800,Limit,FAS,-1,
2025-04-28T07:00:27.458,SENT,DEALERWEB_REPO,aslegerhard01,91282CEF4_20250428_20250429,Buy,25.00,4.3800,Limit,FAS,103,
2025-04-28T07:00:27.458,SEND,BTEC_REPO_US,EGEI,SP25_91282CEF4_C_Par_0,Sell,25.00,4.3600,Limit,FAK,-1,
2025-04-28T07:00:27.458,SENT,BTEC_REPO_US,EGEI,SP25_91282CEF4_C_Par_0,Sell,25.00,4.3600,Limit,FAK,104,
2025-04-28T07:00:28.465,SEND,DEALERWEB_REPO,aslegerhard01,91282CEF4_20250428_20250429,Buy,25.00,4.3800,Limit,FAS,-1,
2025-04-28T07:00:28.466,SENT,DEALERWEB_REPO,aslegerhard01,91282CEF4_20250428_20250429,Buy,25.00,4.3800,Limit,FAS,105,
2025-04-28T07:00:28.466,SEND,BTEC_REPO_US,EGEI,SP25_91282CEF4_C_Par_0,Sell,25.00,4.3600,Limit,FAK,-1,
2025-04-28T07:00:28.466,SENT,BTEC_REPO_US,EGEI,SP25_91282CEF4_C_Par_0,Sell,25.00,4.3600,Limit,FAK,106,
2025-04-28T07:00:29.458,SEND,DEALERWEB_REPO,aslegerhard01,91282CEF4_20250428_20250429,Buy,25.00,4.3800,Limit,FAS,-1,
2025-04-28T07:00:29.458,SENT,DEALERWEB_REPO,aslegerhard01,91282CEF4_20250428_20250429,Buy,25.00,4.3800,Limit,FAS,107,
2025-04-28T07:00:29.458,SEND,BTEC_REPO_US,EGEI,SP25_91282CEF4_C_Par_0,Sell,25.00,4.3600,Limit,FAK,-1,
2025-04-28T07:00:29.458,SENT,BTEC_REPO_US,EGEI,SP25_91282CEF4_C_Par_0,Sell,25.00,4.3600,Limit,FAK,108,
2025-04-28T07:00:30.468,SEND,DEALERWEB_REPO,aslegerhard01,91282CEF4_20250428_20250429,Buy,25.00,4.3800,Limit,FAS,-1,
2025-04-28T07:00:30.468,SENT,DEALERWEB_REPO,aslegerhard01,91282CEF4_20250428_20250429,Buy,25.00,4.3800,Limit,FAS,109,
2025-04-28T07:00:30.468,SEND,BTEC_REPO_US,EGEI,SP25_91282CEF4_C_Par_0,Sell,25.00,4.3600,Limit,FAK,-1,
2025-04-28T07:00:30.468,SENT,BTEC_REPO_US,EGEI,SP25_91282CEF4_C_Par_0,Sell,25.00,4.3600,Limit,FAK,110,
2025-04-28T07:00:30.889,SEND,BTEC_REPO_US,EGEI,SP25_912797NW3_C_Par_0,Buy,25.00,4.3600,Limit,FAK,-1,
2025-04-28T07:00:30.889,SENT,BTEC_REPO_US,EGEI,SP25_912797NW3_C_Par_0,Buy,25.00,4.3600,Limit,FAK,111,
2025-04-28T07:00:30.890,SEND,BTEC_REPO_US,EGEI,SP25_912797NW3_C_Par_0_AON,Sell,10.00,4.3400,Limit,FOK,-1,
2025-04-28T07:00:30.890,SENT,BTEC_REPO_US,EGEI,SP25_912797NW3_C_Par_0_AON,Sell,10.00,4.3400,Limit,FOK,112,
2025-04-28T07:00:39.217,SEND,BTEC_REPO_US,EGEI,SP25_912797QF7_C_Par_0,Buy,25.00,4.4300,Limit,FAK,-1,
2025-04-28T07:00:39.218,SENT,BTEC_REPO_US,EGEI,SP25_912797QF7_C_Par_0,Buy,25.00,4.4300,Limit,FAK,113,
2025-04-28T07:00:39.218,SEND,BTEC_REPO_US,EGEI,SP25_912797QF7_C_Par_0_AON,Sell,10.00,4.4100,Limit,FOK,-1,
2025-04-28T07:00:39.218,SENT,BTEC_REPO_US,EGEI,SP25_912797QF7_C_Par_0_AON,Sell,10.00,4.4100,Limit,FOK,114,
2025-04-28T07:00:56.390,SEND,BTEC_REPO_US,EGEI,SP25_912797QJ9_C_Par_0,Buy,25.00,4.3500,Limit,FAK,-1,
2025-04-28T07:00:56.390,SENT,BTEC_REPO_US,EGEI,SP25_912797QJ9_C_Par_0,Buy,25.00,4.3500,Limit,FAK,115,
2025-04-28T07:00:56.390,SEND,BTEC_REPO_US,EGEI,SP25_912797QJ9_C_Par_0_AON,Sell,10.00,4.3200,Limit,FOK,-1,
2025-04-28T07:00:56.391,SENT,BTEC_REPO_US,EGEI,SP25_912797QJ9_C_Par_0_AON,Sell,10.00,4.3200,Limit,FOK,116,
2025-04-28T07:02:46.342,SEND,BTEC_REPO_US,EGEI,USP_912810UF3_C_Par_0,Buy,50.00,4.4000,Limit,FAK,-1,
2025-04-28T07:02:46.342,SENT,BTEC_REPO_US,EGEI,USP_912810UF3_C_Par_0,Buy,50.00,4.4000,Limit,FAK,117,
2025-04-28T07:02:46.342,SEND,DEALERWEB_REPO,aslegerhard01,912810UF3_20250428_20250429,Sell,25.00,4.3800,Limit,FAS,-1,
2025-04-28T07:02:46.342,SENT,DEALERWEB_REPO,aslegerhard01,912810UF3_20250428_20250429,Sell,25.00,4.3800,Limit,FAS,118,
2025-04-28T07:02:46.462,SEND,BTEC_REPO_US,EGEI,USP_912810UF3_C_Par_0,Buy,50.00,4.4000,Limit,FAK,-1,
2025-04-28T07:02:46.462,SENT,BTEC_REPO_US,EGEI,USP_912810UF3_C_Par_0,Buy,50.00,4.4000,Limit,FAK,119,
2025-04-28T07:02:46.462,SEND,DEALERWEB_REPO,aslegerhard01,912810UF3_20250428_20250429,Sell,25.00,4.3800,Limit,FAS,-1,
2025-04-28T07:02:46.463,SENT,DEALERWEB_REPO,aslegerhard01,912810UF3_20250428_20250429,Sell,25.00,4.3800,Limit,FAS,120,
2025-04-28T07:02:47.460,SEND,BTEC_REPO_US,EGEI,USP_912810UF3_C_Par_0,Buy,50.00,4.4000,Limit,FAK,-1,
2025-04-28T07:02:47.460,SENT,BTEC_REPO_US,EGEI,USP_912810UF3_C_Par_0,Buy,50.00,4.4000,Limit,FAK,121,
2025-04-28T07:02:47.460,SEND,DEALERWEB_REPO,aslegerhard01,912810UF3_20250428_20250429,Sell,25.00,4.3800,Limit,FAS,-1,
2025-04-28T07:02:47.461,SENT,DEALERWEB_REPO,aslegerhard01,912810UF3_20250428_20250429,Sell,25.00,4.3800,Limit,FAS,122,
2025-04-28T07:02:48.460,SEND,BTEC_REPO_US,EGEI,USP_912810UF3_C_Par_0,Buy,50.00,4.4000,Limit,FAK,-1,
2025-04-28T07:02:48.461,SENT,BTEC_REPO_US,EGEI,USP_912810UF3_C_Par_0,Buy,50.00,4.4000,Limit,FAK,123,
2025-04-28T07:02:48.461,SEND,DEALERWEB_REPO,aslegerhard01,912810UF3_20250428_20250429,Sell,25.00,4.3800,Limit,FAS,-1,
2025-04-28T07:02:48.461,SENT,DEALERWEB_REPO,aslegerhard01,912810UF3_20250428_20250429,Sell,25.00,4.3800,Limit,FAS,124,
2025-04-28T07:02:49.460,SEND,BTEC_REPO_US,EGEI,USP_912810UF3_C_Par_0,Buy,50.00,4.4000,Limit,FAK,-1,
2025-04-28T07:02:49.460,SENT,BTEC_REPO_US,EGEI,USP_912810UF3_C_Par_0,Buy,50.00,4.4000,Limit,FAK,125,
2025-04-28T07:02:49.460,SEND,DEALERWEB_REPO,aslegerhard01,912810UF3_20250428_20250429,Sell,25.00,4.3800,Limit,FAS,-1,
2025-04-28T07:02:49.462,SENT,DEALERWEB_REPO,aslegerhard01,912810UF3_20250428_20250429,Sell,25.00,4.3800,Limit,FAS,126,
2025-04-28T07:02:50.461,SEND,BTEC_REPO_US,EGEI,USP_912810UF3_C_Par_0,Buy,50.00,4.4000,Limit,FAK,-1,
2025-04-28T07:02:50.461,SENT,BTEC_REPO_US,EGEI,USP_912810UF3_C_Par_0,Buy,50.00,4.4000,Limit,FAK,127,
2025-04-28T07:02:50.461,SEND,DEALERWEB_REPO,aslegerhard01,912810UF3_20250428_20250429,Sell,25.00,4.3800,Limit,FAS,-1,
2025-04-28T07:02:50.463,SENT,DEALERWEB_REPO,aslegerhard01,912810UF3_20250428_20250429,Sell,25.00,4.3800,Limit,FAS,128,
2025-04-28T07:02:51.460,SEND,BTEC_REPO_US,EGEI,USP_912810UF3_C_Par_0,Buy,50.00,4.4000,Limit,FAK,-1,
2025-04-28T07:02:51.461,SENT,BTEC_REPO_US,EGEI,USP_912810UF3_C_Par_0,Buy,50.00,4.4000,Limit,FAK,129,
2025-04-28T07:02:51.461,SEND,DEALERWEB_REPO,aslegerhard01,912810UF3_20250428_20250429,Sell,25.00,4.3800,Limit,FAS,-1,
2025-04-28T07:02:51.461,SENT,DEALERWEB_REPO,aslegerhard01,912810UF3_20250428_20250429,Sell,25.00,4.3800,Limit,FAS,130,
2025-04-28T07:03:09.889,SEND,BTEC_REPO_US,EGEI,SP25_912810UC0_C_Par_0,Buy,25.00,4.4000,Limit,FAK,-1,
2025-04-28T07:03:09.890,SENT,BTEC_REPO_US,EGEI,SP25_912810UC0_C_Par_0,Buy,25.00,4.4000,Limit,FAK,131,
2025-04-28T07:03:09.890,SEND,DEALERWEB_REPO,aslegerhard01,912810UC0_20250428_20250429,Sell,25.00,4.3800,Limit,FAS,-1,
2025-04-28T07:03:09.890,SENT,DEALERWEB_REPO,aslegerhard01,912810UC0_20250428_20250429,Sell,25.00,4.3800,Limit,FAS,132,
2025-04-28T07:03:10.460,SEND,BTEC_REPO_US,EGEI,SP25_912810UC0_C_Par_0,Buy,25.00,4.4000,Limit,FAK,-1,
2025-04-28T07:03:10.460,SENT,BTEC_REPO_US,EGEI,SP25_912810UC0_C_Par_0,Buy,25.00,4.4000,Limit,FAK,133,
2025-04-28T07:03:10.460,SEND,DEALERWEB_REPO,aslegerhard01,912810UC0_20250428_20250429,Sell,25.00,4.3800,Limit,FAS,-1,
2025-04-28T07:03:10.461,SENT,DEALERWEB_REPO,aslegerhard01,912810UC0_20250428_20250429,Sell,25.00,4.3800,Limit,FAS,134,
2025-04-28T07:03:11.460,SEND,BTEC_REPO_US,EGEI,SP25_912810UC0_C_Par_0,Buy,25.00,4.4000,Limit,FAK,-1,
2025-04-28T07:03:11.460,SENT,BTEC_REPO_US,EGEI,SP25_912810UC0_C_Par_0,Buy,25.00,4.4000,Limit,FAK,135,
2025-04-28T07:03:11.460,SEND,DEALERWEB_REPO,aslegerhard01,912810UC0_20250428_20250429,Sell,25.00,4.3800,Limit,FAS,-1,
2025-04-28T07:03:11.460,SENT,DEALERWEB_REPO,aslegerhard01,912810UC0_20250428_20250429,Sell,25.00,4.3800,Limit,FAS,136,
2025-04-28T07:04:03.790,SEND,BTEC_REPO_US,EGEI,SP25_912797PN1_C_Par_0,Buy,25.00,4.2300,Limit,FAK,-1,
2025-04-28T07:04:03.790,SENT,BTEC_REPO_US,EGEI,SP25_912797PN1_C_Par_0,Buy,25.00,4.2300,Limit,FAK,137,
2025-04-28T07:04:03.790,SEND,BTEC_REPO_US,EGEI,SP25_912797PN1_C_Par_0_AON,Sell,11.00,4.2100,Limit,FOK,-1,
2025-04-28T07:04:03.790,SENT,BTEC_REPO_US,EGEI,SP25_912797PN1_C_Par_0_AON,Sell,11.00,4.2100,Limit,FOK,138,
2025-04-28T07:04:40.454,SEND,BTEC_REPO_US,EGEI,USP_912810UJ5_C_Par_0,Buy,50.00,4.2400,Limit,FAK,-1,
2025-04-28T07:04:40.454,SENT,BTEC_REPO_US,EGEI,USP_912810UJ5_C_Par_0,Buy,50.00,4.2400,Limit,FAK,139,
2025-04-28T07:04:40.454,SEND,BTEC_REPO_US,EGEI,USP_912810UJ5_C_Par_0_AON,Sell,25.00,4.2200,Limit,FOK,-1,
2025-04-28T07:04:40.455,SENT,BTEC_REPO_US,EGEI,USP_912810UJ5_C_Par_0_AON,Sell,25.00,4.2200,Limit,FOK,140,
2025-04-28T07:09:19.367,SEND,BTEC_REPO_US,EGEI,USP_91282CMU2_C_Par_0_AON,Buy,56.00,4.3300,Limit,FOK,-1,
2025-04-28T07:09:19.367,SENT,BTEC_REPO_US,EGEI,USP_91282CMU2_C_Par_0_AON,Buy,56.00,4.3300,Limit,FOK,141,
2025-04-28T07:09:19.367,SEND,BTEC_REPO_US,EGEI,USP_91282CMU2_C_Par_0_AON,Sell,33.00,4.3000,Limit,FOK,-1,
2025-04-28T07:09:19.367,SENT,BTEC_REPO_US,EGEI,USP_91282CMU2_C_Par_0_AON,Sell,33.00,4.3000,Limit,FOK,142,
2025-04-28T07:09:19.419,SEND,BTEC_REPO_US,EGEI,USP_91282CMU2_C_Par_0_AON,Buy,56.00,4.3300,Limit,FOK,-1,
2025-04-28T07:09:19.419,SENT,BTEC_REPO_US,EGEI,USP_91282CMU2_C_Par_0_AON,Buy,56.00,4.3300,Limit,FOK,143,
2025-04-28T07:09:19.419,SEND,BTEC_REPO_US,EGEI,USP_91282CMU2_C_Par_0_AON,Sell,33.00,4.3000,Limit,FOK,-1,
2025-04-28T07:09:19.420,SENT,BTEC_REPO_US,EGEI,USP_91282CMU2_C_Par_0_AON,Sell,33.00,4.3000,Limit,FOK,144,
2025-04-28T07:32:00.143,SEND,BTEC_REPO_US,EGEI,SP25_912797PK7_C_Par_0,Buy,25.00,3.5500,Limit,FAK,-1,
2025-04-28T07:32:00.144,SENT,BTEC_REPO_US,EGEI,SP25_912797PK7_C_Par_0,Buy,25.00,3.5500,Limit,FAK,145,
2025-04-28T07:32:00.144,SEND,BTEC_REPO_US,EGEI,SP25_912797PK7_C_Par_0_AON,Sell,10.00,3.5000,Limit,FOK,-1,
2025-04-28T07:32:00.144,SENT,BTEC_REPO_US,EGEI,SP25_912797PK7_C_Par_0_AON,Sell,10.00,3.5000,Limit,FOK,146,
2025-04-28T07:44:42.501,SEND,BTEC_REPO_US,EGEI,SP25_912797QF7_C_Par_0,Buy,25.00,4.4000,Limit,FAK,-1,
2025-04-28T07:44:42.501,SENT,BTEC_REPO_US,EGEI,SP25_912797QF7_C_Par_0,Buy,25.00,4.4000,Limit,FAK,147,
2025-04-28T07:44:42.501,SEND,BTEC_REPO_US,EGEI,SP25_912797QF7_C_Par_0_AON,Sell,10.00,4.3800,Limit,FOK,-1,
2025-04-28T07:44:42.501,SENT,BTEC_REPO_US,EGEI,SP25_912797QF7_C_Par_0_AON,Sell,10.00,4.3800,Limit,FOK,148,
2025-04-28T07:44:43.488,SEND,BTEC_REPO_US,EGEI,SP25_912797QF7_C_Par_0,Buy,25.00,4.4000,Limit,FAK,-1,
2025-04-28T07:44:43.488,SENT,BTEC_REPO_US,EGEI,SP25_912797QF7_C_Par_0,Buy,25.00,4.4000,Limit,FAK,149,
2025-04-28T07:44:43.488,SEND,BTEC_REPO_US,EGEI,SP25_912797QF7_C_Par_0_AON,Sell,10.00,4.3800,Limit,FOK,-1,
2025-04-28T07:44:43.488,SENT,BTEC_REPO_US,EGEI,SP25_912797QF7_C_Par_0_AON,Sell,10.00,4.3800,Limit,FOK,150,
2025-04-28T07:44:44.494,SEND,BTEC_REPO_US,EGEI,SP25_912797QF7_C_Par_0,Buy,25.00,4.4000,Limit,FAK,-1,
2025-04-28T07:44:44.494,SENT,BTEC_REPO_US,EGEI,SP25_912797QF7_C_Par_0,Buy,25.00,4.4000,Limit,FAK,151,
2025-04-28T07:44:44.494,SEND,BTEC_REPO_US,EGEI,SP25_912797QF7_C_Par_0_AON,Sell,10.00,4.3800,Limit,FOK,-1,
2025-04-28T07:44:44.495,SENT,BTEC_REPO_US,EGEI,SP25_912797QF7_C_Par_0_AON,Sell,10.00,4.3800,Limit,FOK,152,
2025-04-28T07:51:08.032,SEND,BTEC_REPO_US,EGEI,SP25_91282CGA3_C_Par_0,Buy,50.00,4.1700,Limit,FAK,-1,
2025-04-28T07:51:08.033,SENT,BTEC_REPO_US,EGEI,SP25_91282CGA3_C_Par_0,Buy,50.00,4.1700,Limit,FAK,153,
2025-04-28T07:51:08.033,SEND,BTEC_REPO_US,EGEI,SP25_91282CGA3_C_Par_0_AON,Sell,35.00,4.1500,Limit,FOK,-1,
2025-04-28T07:51:08.033,SENT,BTEC_REPO_US,EGEI,SP25_91282CGA3_C_Par_0_AON,Sell,35.00,4.1500,Limit,FOK,154,
2025-04-28T09:01:44.692,SEND,BTEC_REPO_US,EGEI,USP_912810UG1_C_Par_0_AON,Buy,25.00,4.3700,Limit,FOK,-1,
2025-04-28T09:01:44.692,SENT,BTEC_REPO_US,EGEI,USP_912810UG1_C_Par_0_AON,Buy,25.00,4.3700,Limit,FOK,155,
2025-04-28T09:01:44.692,SEND,DEALERWEB_REPO,aslegerhard01,912810UG1_20250428_20250429_AON,Sell,5.00,4.3500,Limit,FAS,-1,
2025-04-28T09:01:44.692,SENT,DEALERWEB_REPO,aslegerhard01,912810UG1_20250428_20250429_AON,Sell,5.00,4.3500,Limit,FAS,156,
2025-04-28T09:24:26.083,SEND,BTEC_REPO_US,EGEI,SP25_912797QB6_C_Par_0,Buy,25.00,4.2600,Limit,FAK,-1,
2025-04-28T09:24:26.083,SENT,BTEC_REPO_US,EGEI,SP25_912797QB6_C_Par_0,Buy,25.00,4.2600,Limit,FAK,157,
2025-04-28T09:24:26.083,SEND,BTEC_REPO_US,EGEI,SP25_912797QB6_C_Par_0_AON,Sell,10.00,4.2400,Limit,FOK,-1,
2025-04-28T09:24:26.084,SENT,BTEC_REPO_US,EGEI,SP25_912797QB6_C_Par_0_AON,Sell,10.00,4.2400,Limit,FOK,158,
2025-04-28T09:24:26.130,SEND,BTEC_REPO_US,EGEI,SP25_912797QB6_C_Par_0,Buy,25.00,4.2600,Limit,FAK,-1,
2025-04-28T09:24:26.130,SENT,BTEC_REPO_US,EGEI,SP25_912797QB6_C_Par_0,Buy,25.00,4.2600,Limit,FAK,159,
2025-04-28T09:24:26.130,SEND,BTEC_REPO_US,EGEI,SP25_912797QB6_C_Par_0_AON,Sell,10.00,4.2400,Limit,FOK,-1,
2025-04-28T09:24:26.130,SENT,BTEC_REPO_US,EGEI,SP25_912797QB6_C_Par_0_AON,Sell,10.00,4.2400,Limit,FOK,160,
2025-04-28T09:29:34.855,SEND,DEALERWEB_REPO,aslegerhard01,91282CEF4_20250429_20250430,Buy,25.00,4.4000,Limit,FAS,-1,
2025-04-28T09:29:34.856,SENT,DEALERWEB_REPO,aslegerhard01,91282CEF4_20250429_20250430,Buy,25.00,4.4000,Limit,FAS,161,
2025-04-28T09:29:34.856,SEND,DEALERWEB_REPO,aslegerhard01,91282CEF4_20250429_20250430_AON,Sell,5.00,4.3400,Limit,FAS,-1,
2025-04-28T09:29:34.856,SENT,DEALERWEB_REPO,aslegerhard01,91282CEF4_20250429_20250430_AON,Sell,5.00,4.3400,Limit,FAS,162,
2025-04-28T09:29:34.865,SEND,DEALERWEB_REPO,aslegerhard01,912828ZE3_20250429_20250430,Buy,25.00,4.4300,Limit,FAS,-1,
2025-04-28T09:29:34.866,SENT,DEALERWEB_REPO,aslegerhard01,912828ZE3_20250429_20250430,Buy,25.00,4.4300,Limit,FAS,163,
2025-04-28T09:29:34.866,SEND,DEALERWEB_REPO,aslegerhard01,912828ZE3_20250429_20250430_AON,Sell,5.00,4.3400,Limit,FAS,-1,
2025-04-28T09:29:34.866,SENT,DEALERWEB_REPO,aslegerhard01,912828ZE3_20250429_20250430_AON,Sell,5.00,4.3400,Limit,FAS,164,
2025-04-28T09:29:34.866,SEND,DEALERWEB_REPO,aslegerhard01,91282CLG4_20250429_20250430,Buy,25.00,4.4500,Limit,FAS,-1,
2025-04-28T09:29:34.866,SENT,DEALERWEB_REPO,aslegerhard01,91282CLG4_20250429_20250430,Buy,25.00,4.4500,Limit,FAS,165,
2025-04-28T09:29:34.866,SEND,DEALERWEB_REPO,aslegerhard01,91282CLG4_20250429_20250430_AON,Sell,5.00,4.3800,Limit,FAS,-1,
2025-04-28T09:29:34.867,SENT,DEALERWEB_REPO,aslegerhard01,91282CLG4_20250429_20250430_AON,Sell,5.00,4.3800,Limit,FAS,166,
2025-04-28T09:29:34.867,SEND,DEALERWEB_REPO,aslegerhard01,91282CFH9_20250429_20250430,Buy,25.00,4.4400,Limit,FAS,-1,
2025-04-28T09:29:34.867,SENT,DEALERWEB_REPO,aslegerhard01,91282CFH9_20250429_20250430,Buy,25.00,4.4400,Limit,FAS,167,
2025-04-28T09:29:34.867,SEND,DEALERWEB_REPO,aslegerhard01,91282CFH9_20250429_20250430_AON,Sell,5.00,4.3900,Limit,FAS,-1,
2025-04-28T09:29:34.867,SENT,DEALERWEB_REPO,aslegerhard01,91282CFH9_20250429_20250430_AON,Sell,5.00,4.3900,Limit,FAS,168,
2025-04-28T09:29:34.867,SEND,DEALERWEB_REPO,aslegerhard01,91282CBS9_20250429_20250430,Buy,25.00,4.4400,Limit,FAS,-1,
2025-04-28T09:29:34.868,SENT,DEALERWEB_REPO,aslegerhard01,91282CBS9_20250429_20250430,Buy,25.00,4.4400,Limit,FAS,169,
2025-04-28T09:29:34.868,SEND,DEALERWEB_REPO,aslegerhard01,91282CBS9_20250429_20250430_AON,Sell,5.00,4.4000,Limit,FAS,-1,
2025-04-28T09:29:34.868,SENT,DEALERWEB_REPO,aslegerhard01,91282CBS9_20250429_20250430_AON,Sell,5.00,4.4000,Limit,FAS,170,
2025-04-28T09:29:34.868,SEND,DEALERWEB_REPO,aslegerhard01,91282CEV9_20250429_20250430,Buy,25.00,4.4000,Limit,FAS,-1,
2025-04-28T09:29:34.868,SENT,DEALERWEB_REPO,aslegerhard01,91282CEV9_20250429_20250430,Buy,25.00,4.4000,Limit,FAS,171,
2025-04-28T09:29:34.868,SEND,DEALERWEB_REPO,aslegerhard01,91282CEV9_20250429_20250430_AON,Sell,5.00,4.3500,Limit,FAS,-1,
2025-04-28T09:29:34.868,SENT,DEALERWEB_REPO,aslegerhard01,91282CEV9_20250429_20250430_AON,Sell,5.00,4.3500,Limit,FAS,172,
2025-04-28T09:29:34.869,SEND,DEALERWEB_REPO,aslegerhard01,912828ZQ6_20250429_20250430,Buy,25.00,4.4400,Limit,FAS,-1,
2025-04-28T09:29:34.869,SENT,DEALERWEB_REPO,aslegerhard01,912828ZQ6_20250429_20250430,Buy,25.00,4.4400,Limit,FAS,173,
2025-04-28T09:29:34.869,SEND,DEALERWEB_REPO,aslegerhard01,912828ZQ6_20250429_20250430_AON,Sell,5.00,4.3900,Limit,FAS,-1,
2025-04-28T09:29:34.869,SENT,DEALERWEB_REPO,aslegerhard01,912828ZQ6_20250429_20250430_AON,Sell,5.00,4.3900,Limit,FAS,174,
2025-04-28T09:29:37.588,SEND,DEALERWEB_REPO,aslegerhard01,9128286S4_20250429_20250430,Buy,25.00,4.4400,Limit,FAS,-1,
2025-04-28T09:29:37.588,SENT,DEALERWEB_REPO,aslegerhard01,9128286S4_20250429_20250430,Buy,25.00,4.4400,Limit,FAS,175,
2025-04-28T09:29:37.588,SEND,DEALERWEB_REPO,aslegerhard01,9128286S4_20250429_20250430_AON,Sell,5.00,4.4000,Limit,FAS,-1,
2025-04-28T09:29:37.588,SENT,DEALERWEB_REPO,aslegerhard01,9128286S4_20250429_20250430_AON,Sell,5.00,4.4000,Limit,FAS,176,
2025-04-28T09:29:37.590,SEND,DEALERWEB_REPO,aslegerhard01,91282CHH7_20250429_20250430,Buy,25.00,4.4400,Limit,FAS,-1,
2025-04-28T09:29:37.590,SENT,DEALERWEB_REPO,aslegerhard01,91282CHH7_20250429_20250430,Buy,25.00,4.4400,Limit,FAS,177,
2025-04-28T09:29:37.590,SEND,DEALERWEB_REPO,aslegerhard01,91282CHH7_20250429_20250430_AON,Sell,5.00,4.4000,Limit,FAS,-1,
2025-04-28T09:29:37.590,SENT,DEALERWEB_REPO,aslegerhard01,91282CHH7_20250429_20250430_AON,Sell,5.00,4.4000,Limit,FAS,178,
2025-04-28T09:29:38.590,SEND,BTEC_REPO_US,EGEI,SP25_91282CCP4_REG_Par_0,Buy,25.00,4.4400,Limit,FAK,-1,
2025-04-28T09:29:38.590,SENT,BTEC_REPO_US,EGEI,SP25_91282CCP4_REG_Par_0,Buy,25.00,4.4400,Limit,FAK,179,
2025-04-28T09:29:38.590,SEND,DEALERWEB_REPO,aslegerhard01,91282CCP4_20250429_20250430_AON,Sell,5.00,4.3800,Limit,FAS,-1,
2025-04-28T09:29:38.591,SENT,DEALERWEB_REPO,aslegerhard01,91282CCP4_20250429_20250430_AON,Sell,5.00,4.3800,Limit,FAS,180,
2025-04-28T09:29:38.594,SEND,DEALERWEB_REPO,aslegerhard01,91282CCZ2_20250429_20250430,Buy,25.00,4.4500,Limit,FAS,-1,
2025-04-28T09:29:38.594,SENT,DEALERWEB_REPO,aslegerhard01,91282CCZ2_20250429_20250430,Buy,25.00,4.4500,Limit,FAS,181,
2025-04-28T09:29:38.594,SEND,DEALERWEB_REPO,aslegerhard01,91282CCZ2_20250429_20250430_AON,Sell,5.00,4.3900,Limit,FAS,-1,
2025-04-28T09:29:38.594,SENT,DEALERWEB_REPO,aslegerhard01,91282CCZ2_20250429_20250430_AON,Sell,5.00,4.3900,Limit,FAS,182,
2025-04-28T09:29:39.588,SEND,DEALERWEB_REPO,aslegerhard01,912828YU8_20250429_20250430,Buy,25.00,4.4000,Limit,FAS,-1,
2025-04-28T09:29:39.589,SENT,DEALERWEB_REPO,aslegerhard01,912828YU8_20250429_20250430,Buy,25.00,4.4000,Limit,FAS,183,
2025-04-28T09:29:39.589,SEND,DEALERWEB_REPO,aslegerhard01,912828YU8_20250429_20250430_AON,Sell,5.00,4.3400,Limit,FAS,-1,
2025-04-28T09:29:39.589,SENT,DEALERWEB_REPO,aslegerhard01,912828YU8_20250429_20250430_AON,Sell,5.00,4.3400,Limit,FAS,184,
2025-04-28T09:29:39.591,SEND,DEALERWEB_REPO,aslegerhard01,91282CMN8_20250429_20250430,Buy,25.00,4.4400,Limit,FAS,-1,
2025-04-28T09:29:39.591,SENT,DEALERWEB_REPO,aslegerhard01,91282CMN8_20250429_20250430,Buy,25.00,4.4400,Limit,FAS,185,
2025-04-28T09:29:39.591,SEND,DEALERWEB_REPO,aslegerhard01,91282CMN8_20250429_20250430_AON,Sell,5.00,4.4000,Limit,FAS,-1,
2025-04-28T09:29:39.591,SENT,DEALERWEB_REPO,aslegerhard01,91282CMN8_20250429_20250430_AON,Sell,5.00,4.4000,Limit,FAS,186,
2025-04-28T09:29:40.591,SEND,DEALERWEB_REPO,aslegerhard01,91282CKD2_20250429_20250430,Buy,25.00,4.4500,Limit,FAS,-1,
2025-04-28T09:29:40.591,SENT,DEALERWEB_REPO,aslegerhard01,91282CKD2_20250429_20250430,Buy,25.00,4.4500,Limit,FAS,187,
2025-04-28T09:29:40.591,SEND,DEALERWEB_REPO,aslegerhard01,91282CKD2_20250429_20250430_AON,Sell,5.00,4.3900,Limit,FAS,-1,
2025-04-28T09:29:40.592,SENT,DEALERWEB_REPO,aslegerhard01,91282CKD2_20250429_20250430_AON,Sell,5.00,4.3900,Limit,FAS,188,
2025-04-28T09:29:40.593,SEND,DEALERWEB_REPO,aslegerhard01,912810SC3_20250429_20250430,Buy,25.00,4.4400,Limit,FAS,-1,
2025-04-28T09:29:40.593,SENT,DEALERWEB_REPO,aslegerhard01,912810SC3_20250429_20250430,Buy,25.00,4.4400,Limit,FAS,189,
2025-04-28T09:29:40.593,SEND,DEALERWEB_REPO,aslegerhard01,912810SC3_20250429_20250430_AON,Sell,5.00,4.3900,Limit,FAS,-1,
2025-04-28T09:29:40.593,SENT,DEALERWEB_REPO,aslegerhard01,912810SC3_20250429_20250430_AON,Sell,5.00,4.3900,Limit,FAS,190,
2025-04-28T09:29:41.591,SEND,DEALERWEB_REPO,aslegerhard01,912810PX0_20250429_20250430,Buy,25.00,4.4000,Limit,FAS,-1,
2025-04-28T09:29:41.591,SENT,DEALERWEB_REPO,aslegerhard01,912810PX0_20250429_20250430,Buy,25.00,4.4000,Limit,FAS,191,
2025-04-28T09:29:41.591,SEND,DEALERWEB_REPO,aslegerhard01,912810PX0_20250429_20250430_AON,Sell,5.00,4.3400,Limit,FAS,-1,
2025-04-28T09:29:41.591,SENT,DEALERWEB_REPO,aslegerhard01,912810PX0_20250429_20250430_AON,Sell,5.00,4.3400,Limit,FAS,192,
2025-04-28T09:42:01.175,SEND,BTEC_REPO_US,EGEI,SP25_91282CLT6_C_Par_0,Buy,25.00,4.2600,Limit,FAK,-1,
2025-04-28T09:42:01.175,SENT,BTEC_REPO_US,EGEI,SP25_91282CLT6_C_Par_0,Buy,25.00,4.2600,Limit,FAK,193,
2025-04-28T09:42:01.175,SEND,DEALERWEB_REPO,aslegerhard01,91282CLT6_20250428_20250429_AON,Sell,9.00,4.2200,Limit,FAS,-1,
2025-04-28T09:42:01.175,SENT,DEALERWEB_REPO,aslegerhard01,91282CLT6_20250428_20250429_AON,Sell,9.00,4.2200,Limit,FAS,194,
2025-04-28T09:43:59.806,SEND,DEALERWEB_REPO,aslegerhard01,91282CHZ7_20250429_20250430,Buy,25.00,4.4400,Limit,FAS,-1,
2025-04-28T09:43:59.806,SENT,DEALERWEB_REPO,aslegerhard01,91282CHZ7_20250429_20250430,Buy,25.00,4.4400,Limit,FAS,195,
2025-04-28T09:43:59.806,SEND,DEALERWEB_REPO,aslegerhard01,91282CHZ7_20250429_20250430_AON,Sell,5.00,4.4000,Limit,FAS,-1,
2025-04-28T09:43:59.806,SENT,DEALERWEB_REPO,aslegerhard01,91282CHZ7_20250429_20250430_AON,Sell,5.00,4.4000,Limit,FAS,196,
2025-04-28T09:45:29.073,SEND,BTEC_REPO_US,EGEI,SP25_91282CGM7_C_Par_0,Buy,25.00,4.2800,Limit,FAK,-1,
2025-04-28T09:45:29.073,SENT,BTEC_REPO_US,EGEI,SP25_91282CGM7_C_Par_0,Buy,25.00,4.2800,Limit,FAK,197,
2025-04-28T09:45:29.073,SEND,DEALERWEB_REPO,aslegerhard01,91282CGM7_20250428_20250429_AON,Sell,8.00,4.2500,Limit,FAS,-1,
2025-04-28T09:45:29.074,SENT,DEALERWEB_REPO,aslegerhard01,91282CGM7_20250428_20250429_AON,Sell,8.00,4.2500,Limit,FAS,198,
2025-04-28T09:55:17.886,SEND,DEALERWEB_REPO,aslegerhard01,91282CHQ7_20250429_20250430,Buy,25.00,4.4300,Limit,FAS,-1,
2025-04-28T09:55:17.886,SENT,DEALERWEB_REPO,aslegerhard01,91282CHQ7_20250429_20250430,Buy,25.00,4.4300,Limit,FAS,199,
2025-04-28T09:55:17.886,SEND,BTEC_REPO_US,EGEI,SP25_91282CHQ7_REG_Par_0,Sell,25.00,4.3500,Limit,FAK,-1,
2025-04-28T09:55:17.886,SENT,BTEC_REPO_US,EGEI,SP25_91282CHQ7_REG_Par_0,Sell,25.00,4.3500,Limit,FAK,200,
2025-04-28T09:55:18.590,SEND,DEALERWEB_REPO,aslegerhard01,91282CHQ7_20250429_20250430,Buy,25.00,4.4300,Limit,FAS,-1,
2025-04-28T09:55:18.590,SENT,DEALERWEB_REPO,aslegerhard01,91282CHQ7_20250429_20250430,Buy,25.00,4.4300,Limit,FAS,201,
2025-04-28T09:55:18.590,SEND,BTEC_REPO_US,EGEI,SP25_91282CHQ7_REG_Par_0,Sell,25.00,4.3500,Limit,FAK,-1,
2025-04-28T09:55:18.590,SENT,BTEC_REPO_US,EGEI,SP25_91282CHQ7_REG_Par_0,Sell,25.00,4.3500,Limit,FAK,202,
2025-04-28T10:00:03.341,SEND,BTEC_REPO_US,EGEI,SP25_912797LW5_C_Par_0_AON,Buy,14.00,4.3400,Limit,FOK,-1,
2025-04-28T10:00:03.341,SENT,BTEC_REPO_US,EGEI,SP25_912797LW5_C_Par_0_AON,Buy,14.00,4.3400,Limit,FOK,203,
2025-04-28T10:00:03.342,SEND,BTEC_REPO_US,EGEI,SP25_912797LW5_C_Par_0_AON,Sell,5.00,4.3000,Limit,FOK,-1,
2025-04-28T10:00:03.342,SENT,BTEC_REPO_US,EGEI,SP25_912797LW5_C_Par_0_AON,Sell,5.00,4.3000,Limit,FOK,204,
2025-04-28T10:00:03.392,SEND,BTEC_REPO_US,EGEI,SP25_912797LW5_C_Par_0_AON,Buy,14.00,4.3400,Limit,FOK,-1,
2025-04-28T10:00:03.392,SENT,BTEC_REPO_US,EGEI,SP25_912797LW5_C_Par_0_AON,Buy,14.00,4.3400,Limit,FOK,205,
2025-04-28T10:00:03.392,SEND,BTEC_REPO_US,EGEI,SP25_912797LW5_C_Par_0_AON,Sell,5.00,4.3000,Limit,FOK,-1,
2025-04-28T10:00:03.392,SENT,BTEC_REPO_US,EGEI,SP25_912797LW5_C_Par_0_AON,Sell,5.00,4.3000,Limit,FOK,206,
2025-04-28T10:00:03.395,SEND,BTEC_REPO_US,EGEI,SP25_912797QD2_C_Par_0_AON,Buy,13.00,4.3200,Limit,FOK,-1,
2025-04-28T10:00:03.395,SENT,BTEC_REPO_US,EGEI,SP25_912797QD2_C_Par_0_AON,Buy,13.00,4.3200,Limit,FOK,207,
2025-04-28T10:00:03.395,SEND,BTEC_REPO_US,EGEI,SP25_912797QD2_C_Par_0_AON,Sell,5.00,4.3000,Limit,FOK,-1,
2025-04-28T10:00:03.396,SENT,BTEC_REPO_US,EGEI,SP25_912797QD2_C_Par_0_AON,Sell,5.00,4.3000,Limit,FOK,208,
2025-04-28T10:00:03.396,SEND,BTEC_REPO_US,EGEI,SP25_912797QE0_C_Par_0_AON,Buy,12.00,4.2400,Limit,FOK,-1,
2025-04-28T10:00:03.396,SENT,BTEC_REPO_US,EGEI,SP25_912797QE0_C_Par_0_AON,Buy,12.00,4.2400,Limit,FOK,209,
2025-04-28T10:00:03.396,SEND,BTEC_REPO_US,EGEI,SP25_912797QE0_C_Par_0_AON,Sell,5.00,4.2000,Limit,FOK,-1,
2025-04-28T10:00:03.396,SENT,BTEC_REPO_US,EGEI,SP25_912797QE0_C_Par_0_AON,Sell,5.00,4.2000,Limit,FOK,210,
2025-04-28T10:00:03.948,SEND,BTEC_REPO_US,EGEI,SP25_912797NE3_C_Par_0,Buy,25.00,4.3200,Limit,FAK,-1,
2025-04-28T10:00:03.949,SENT,BTEC_REPO_US,EGEI,SP25_912797NE3_C_Par_0,Buy,25.00,4.3200,Limit,FAK,211,
2025-04-28T10:00:03.949,SEND,BTEC_REPO_US,EGEI,SP25_912797NE3_C_Par_0_AON,Sell,5.00,4.3000,Limit,FOK,-1,
2025-04-28T10:00:03.949,SENT,BTEC_REPO_US,EGEI,SP25_912797NE3_C_Par_0_AON,Sell,5.00,4.3000,Limit,FOK,212,
2025-04-28T10:00:04.051,SEND,BTEC_REPO_US,EGEI,SP25_91282CKF7_C_Par_0_AON,Buy,30.00,4.3200,Limit,FOK,-1,
2025-04-28T10:00:04.052,SENT,BTEC_REPO_US,EGEI,SP25_91282CKF7_C_Par_0_AON,Buy,30.00,4.3200,Limit,FOK,213,
2025-04-28T10:00:04.052,SEND,BTEC_REPO_US,EGEI,SP25_91282CKF7_C_Par_0_AON,Sell,5.00,4.3000,Limit,FOK,-1,
2025-04-28T10:00:04.052,SENT,BTEC_REPO_US,EGEI,SP25_91282CKF7_C_Par_0_AON,Sell,5.00,4.3000,Limit,FOK,214,
2025-04-28T10:00:04.103,SEND,BTEC_REPO_US,EGEI,SP25_91282CKF7_C_Par_0_AON,Buy,30.00,4.3200,Limit,FOK,-1,
2025-04-28T10:00:04.104,SENT,BTEC_REPO_US,EGEI,SP25_91282CKF7_C_Par_0_AON,Buy,30.00,4.3200,Limit,FOK,215,
2025-04-28T10:00:04.104,SEND,BTEC_REPO_US,EGEI,SP25_91282CKF7_C_Par_0_AON,Sell,5.00,4.3000,Limit,FOK,-1,
2025-04-28T10:00:04.104,SENT,BTEC_REPO_US,EGEI,SP25_91282CKF7_C_Par_0_AON,Sell,5.00,4.3000,Limit,FOK,216,
2025-04-28T10:00:17.795,SEND,BTEC_REPO_US,EGEI,USP_91282CMV0_C_Par_0_AON,Buy,14.00,4.3200,Limit,FOK,-1,
2025-04-28T10:00:17.796,SENT,BTEC_REPO_US,EGEI,USP_91282CMV0_C_Par_0_AON,Buy,14.00,4.3200,Limit,FOK,217,
2025-04-28T10:00:17.796,SEND,BTEC_REPO_US,EGEI,USP_91282CMV0_C_Par_0_AON,Sell,10.00,4.3000,Limit,FOK,-1,
2025-04-28T10:00:17.796,SENT,BTEC_REPO_US,EGEI,USP_91282CMV0_C_Par_0_AON,Sell,10.00,4.3000,Limit,FOK,218,
2025-04-28T10:00:17.845,SEND,BTEC_REPO_US,EGEI,USP_91282CMV0_C_Par_0_AON,Buy,14.00,4.3200,Limit,FOK,-1,
2025-04-28T10:00:17.846,SENT,BTEC_REPO_US,EGEI,USP_91282CMV0_C_Par_0_AON,Buy,14.00,4.3200,Limit,FOK,219,
2025-04-28T10:00:17.846,SEND,BTEC_REPO_US,EGEI,USP_91282CMV0_C_Par_0_AON,Sell,10.00,4.3000,Limit,FOK,-1,
2025-04-28T10:00:17.846,SENT,BTEC_REPO_US,EGEI,USP_91282CMV0_C_Par_0_AON,Sell,10.00,4.3000,Limit,FOK,220,
2025-04-28T10:01:31.421,SEND,BTEC_REPO_US,EGEI,SP25_912810TM0_C_Par_0,Buy,25.00,4.2500,Limit,FAK,-1,
2025-04-28T10:01:31.421,SENT,BTEC_REPO_US,EGEI,SP25_912810TM0_C_Par_0,Buy,25.00,4.2500,Limit,FAK,221,
2025-04-28T10:01:31.421,SEND,BTEC_REPO_US,EGEI,SP25_912810TM0_C_Par_0_AON,Sell,10.00,4.2000,Limit,FOK,-1,
2025-04-28T10:01:31.421,SENT,BTEC_REPO_US,EGEI,SP25_912810TM0_C_Par_0_AON,Sell,10.00,4.2000,Limit,FOK,222,
2025-04-28T10:02:11.421,SEND,BTEC_REPO_US,EGEI,SP25_912797MG9_C_Par_0,Buy,25.00,4.2700,Limit,FAK,-1,
2025-04-28T10:02:11.421,SENT,BTEC_REPO_US,EGEI,SP25_912797MG9_C_Par_0,Buy,25.00,4.2700,Limit,FAK,223,
2025-04-28T10:02:11.421,SEND,BTEC_REPO_US,EGEI,SP25_912797MG9_C_Par_0_AON,Sell,5.00,4.2300,Limit,FOK,-1,
2025-04-28T10:02:11.422,SENT,BTEC_REPO_US,EGEI,SP25_912797MG9_C_Par_0_AON,Sell,5.00,4.2300,Limit,FOK,224,
2025-04-28T10:02:11.422,SEND,BTEC_REPO_US,EGEI,SP25_912797MH7_C_Par_0_AON,Buy,15.00,4.2400,Limit,FOK,-1,
2025-04-28T10:02:11.422,SENT,BTEC_REPO_US,EGEI,SP25_912797MH7_C_Par_0_AON,Buy,15.00,4.2400,Limit,FOK,225,
2025-04-28T10:02:11.422,SEND,BTEC_REPO_US,EGEI,SP25_912797MH7_C_Par_0_AON,Sell,5.00,4.2100,Limit,FOK,-1,
2025-04-28T10:02:11.422,SENT,BTEC_REPO_US,EGEI,SP25_912797MH7_C_Par_0_AON,Sell,5.00,4.2100,Limit,FOK,226,
2025-04-28T10:02:11.483,SEND,BTEC_REPO_US,EGEI,SP25_912797QC4_C_Par_0_AON,Buy,13.00,4.1500,Limit,FOK,-1,
2025-04-28T10:02:11.484,SENT,BTEC_REPO_US,EGEI,SP25_912797QC4_C_Par_0_AON,Buy,13.00,4.1500,Limit,FOK,227,
2025-04-28T10:02:11.484,SEND,BTEC_REPO_US,EGEI,SP25_912797QC4_C_Par_0_AON,Sell,5.00,4.1200,Limit,FOK,-1,
2025-04-28T10:02:11.484,SENT,BTEC_REPO_US,EGEI,SP25_912797QC4_C_Par_0_AON,Sell,5.00,4.1200,Limit,FOK,228,
2025-04-28T10:04:18.389,SEND,BTEC_REPO_US,EGEI,SP25_912810QZ4_C_Par_0,Buy,25.00,4.2200,Limit,FAK,-1,
2025-04-28T10:04:18.390,SENT,BTEC_REPO_US,EGEI,SP25_912810QZ4_C_Par_0,Buy,25.00,4.2200,Limit,FAK,229,
2025-04-28T10:04:18.390,SEND,BTEC_REPO_US,EGEI,SP25_912810QZ4_C_Par_0_AON,Sell,5.00,4.2000,Limit,FOK,-1,
2025-04-28T10:04:18.390,SENT,BTEC_REPO_US,EGEI,SP25_912810QZ4_C_Par_0_AON,Sell,5.00,4.2000,Limit,FOK,230,
2025-04-28T10:05:06.482,SEND,BTEC_REPO_US,EGEI,SP25_912797PK7_C_Par_0,Buy,25.00,3.7600,Limit,FAK,-1,
2025-04-28T10:05:06.482,SENT,BTEC_REPO_US,EGEI,SP25_912797PK7_C_Par_0,Buy,25.00,3.7600,Limit,FAK,231,
2025-04-28T10:05:06.482,SEND,BTEC_REPO_US,EGEI,SP25_912797PK7_C_Par_0_AON,Sell,8.00,3.6000,Limit,FOK,-1,
2025-04-28T10:05:06.482,SENT,BTEC_REPO_US,EGEI,SP25_912797PK7_C_Par_0_AON,Sell,8.00,3.6000,Limit,FOK,232,
2025-04-28T10:12:04.820,SEND,BTEC_REPO_US,EGEI,SP25_91282CEP2_C_Par_0_AON,Buy,6.00,4.3000,Limit,FOK,-1,
2025-04-28T10:12:04.820,SENT,BTEC_REPO_US,EGEI,SP25_91282CEP2_C_Par_0_AON,Buy,6.00,4.3000,Limit,FOK,233,
2025-04-28T10:12:04.820,SEND,BTEC_REPO_US,EGEI,SP25_91282CEP2_C_Par_0_AON,Sell,5.00,4.2800,Limit,FOK,-1,
2025-04-28T10:12:04.820,SENT,BTEC_REPO_US,EGEI,SP25_91282CEP2_C_Par_0_AON,Sell,5.00,4.2800,Limit,FOK,234,
2025-04-28T10:12:04.872,SEND,BTEC_REPO_US,EGEI,SP25_91282CEP2_C_Par_0_AON,Buy,6.00,4.3000,Limit,FOK,-1,
2025-04-28T10:12:04.872,SENT,BTEC_REPO_US,EGEI,SP25_91282CEP2_C_Par_0_AON,Buy,6.00,4.3000,Limit,FOK,235,
2025-04-28T10:12:04.872,SEND,BTEC_REPO_US,EGEI,SP25_91282CEP2_C_Par_0_AON,Sell,5.00,4.2800,Limit,FOK,-1,
2025-04-28T10:12:04.872,SENT,BTEC_REPO_US,EGEI,SP25_91282CEP2_C_Par_0_AON,Sell,5.00,4.2800,Limit,FOK,236,
2025-04-28T10:19:27.993,SEND,BTEC_REPO_US,EGEI,SP25_91282CCA7_C_Par_0,Buy,25.00,4.2600,Limit,FAK,-1,
2025-04-28T10:19:27.994,SENT,BTEC_REPO_US,EGEI,SP25_91282CCA7_C_Par_0,Buy,25.00,4.2600,Limit,FAK,237,
2025-04-28T10:19:27.994,SEND,BTEC_REPO_US,EGEI,SP25_91282CCA7_C_Par_0_AON,Sell,5.00,4.2400,Limit,FOK,-1,
2025-04-28T10:19:27.994,SENT,BTEC_REPO_US,EGEI,SP25_91282CCA7_C_Par_0_AON,Sell,5.00,4.2400,Limit,FOK,238,
2025-04-28T10:19:27.994,SEND,BTEC_REPO_US,EGEI,SP25_912810FS2_C_Par_0,Buy,25.00,4.2600,Limit,FAK,-1,
2025-04-28T10:19:27.995,SENT,BTEC_REPO_US,EGEI,SP25_912810FS2_C_Par_0,Buy,25.00,4.2600,Limit,FAK,239,
2025-04-28T10:19:27.995,SEND,BTEC_REPO_US,EGEI,SP25_912810FS2_C_Par_0_AON,Sell,5.00,4.2400,Limit,FOK,-1,
2025-04-28T10:19:27.995,SENT,BTEC_REPO_US,EGEI,SP25_912810FS2_C_Par_0_AON,Sell,5.00,4.2400,Limit,FOK,240,
2025-04-28T10:19:27.995,SEND,BTEC_REPO_US,EGEI,SP25_9128286X3_C_Par_0,Buy,25.00,4.2600,Limit,FAK,-1,
2025-04-28T10:19:27.995,SENT,BTEC_REPO_US,EGEI,SP25_9128286X3_C_Par_0,Buy,25.00,4.2600,Limit,FAK,241,
2025-04-28T10:19:27.995,SEND,BTEC_REPO_US,EGEI,SP25_9128286X3_C_Par_0_AON,Sell,6.00,4.2400,Limit,FOK,-1,
2025-04-28T10:19:27.995,SENT,BTEC_REPO_US,EGEI,SP25_9128286X3_C_Par_0_AON,Sell,6.00,4.2400,Limit,FOK,242,
2025-04-28T10:35:34.000,SEND,BTEC_REPO_US,EGEI,SP25_912810QE1_C_Par_0,Buy,25.00,4.2500,Limit,FAK,-1,
2025-04-28T10:35:34.000,SENT,BTEC_REPO_US,EGEI,SP25_912810QE1_C_Par_0,Buy,25.00,4.2500,Limit,FAK,243,
2025-04-28T10:35:34.000,SEND,BTEC_REPO_US,EGEI,SP25_912810QE1_C_Par_0_AON,Sell,5.00,4.2300,Limit,FOK,-1,
2025-04-28T10:35:34.000,SENT,BTEC_REPO_US,EGEI,SP25_912810QE1_C_Par_0_AON,Sell,5.00,4.2300,Limit,FOK,244,
2025-04-28T10:45:40.713,SEND,BTEC_REPO_US,EGEI,USP_912810UJ5_C_Par_0,Buy,50.00,4.1000,Limit,FAK,-1,
2025-04-28T10:45:40.713,SENT,BTEC_REPO_US,EGEI,USP_912810UJ5_C_Par_0,Buy,50.00,4.1000,Limit,FAK,245,
2025-04-28T10:45:40.713,SEND,DEALERWEB_REPO,aslegerhard01,912810UJ5_20250428_20250429_AON,Sell,5.00,4.0000,Limit,FAS,-1,
2025-04-28T10:45:40.714,SENT,DEALERWEB_REPO,aslegerhard01,912810UJ5_20250428_20250429_AON,Sell,5.00,4.0000,Limit,FAS,246,
2025-04-28T11:01:05.716,SEND,DEALERWEB_REPO,aslegerhard01,912810UC0_20250429_20250430,Buy,25.00,4.4200,Limit,FAS,-1,
2025-04-28T11:01:05.716,SENT,DEALERWEB_REPO,aslegerhard01,912810UC0_20250429_20250430,Buy,25.00,4.4200,Limit,FAS,247,
2025-04-28T11:01:05.716,SEND,DEALERWEB_REPO,aslegerhard01,912810UC0_20250429_20250430_AON,Sell,11.00,4.3900,Limit,FAS,-1,
2025-04-28T11:01:05.716,SENT,DEALERWEB_REPO,aslegerhard01,912810UC0_20250429_20250430_AON,Sell,11.00,4.3900,Limit,FAS,248,
2025-04-28T11:29:47.384,SEND,BTEC_REPO_US,EGEI,SP25_91282CAB7_C_Par_0,Buy,25.00,4.2500,Limit,FAK,-1,
2025-04-28T11:29:47.385,SENT,BTEC_REPO_US,EGEI,SP25_91282CAB7_C_Par_0,Buy,25.00,4.2500,Limit,FAK,249,
2025-04-28T11:29:47.385,SEND,BTEC_REPO_US,EGEI,SP25_91282CAB7_C_Par_0_AON,Sell,5.00,4.2000,Limit,FOK,-1,
2025-04-28T11:29:47.385,SENT,BTEC_REPO_US,EGEI,SP25_91282CAB7_C_Par_0_AON,Sell,5.00,4.2000,Limit,FOK,250,
2025-04-28T11:52:30.160,SEND,DEALERWEB_REPO,aslegerhard01,9128286X3_20250429_20250430_AON,Buy,14.00,4.4200,Limit,FAS,-1,
2025-04-28T11:52:30.160,SENT,DEALERWEB_REPO,aslegerhard01,9128286X3_20250429_20250430_AON,Buy,14.00,4.4200,Limit,FAS,251,
2025-04-28T11:52:30.160,SEND,DEALERWEB_REPO,aslegerhard01,9128286X3_20250429_20250430_AON,Sell,5.00,4.3800,Limit,FAS,-1,
2025-04-28T11:52:30.160,SENT,DEALERWEB_REPO,aslegerhard01,9128286X3_20250429_20250430_AON,Sell,5.00,4.3800,Limit,FAS,252,
2025-04-28T11:55:03.783,SEND,DEALERWEB_REPO,aslegerhard01,9128285N6_20250429_20250430,Buy,25.00,4.2900,Limit,FAS,-1,
2025-04-28T11:55:03.783,SENT,DEALERWEB_REPO,aslegerhard01,9128285N6_20250429_20250430,Buy,25.00,4.2900,Limit,FAS,253,
2025-04-28T11:55:03.783,SEND,DEALERWEB_REPO,aslegerhard01,9128285N6_20250429_20250430_AON,Sell,5.00,4.2500,Limit,FAS,-1,
2025-04-28T11:55:03.783,SENT,DEALERWEB_REPO,aslegerhard01,9128285N6_20250429_20250430_AON,Sell,5.00,4.2500,Limit,FAS,254,
2025-04-28T12:20:43.001,SEND,DEALERWEB_REPO,aslegerhard01,912810TU2_20250429_20250430,Buy,25.00,4.4100,Limit,FAS,-1,
2025-04-28T12:20:43.001,SENT,DEALERWEB_REPO,aslegerhard01,912810TU2_20250429_20250430,Buy,25.00,4.4100,Limit,FAS,255,
2025-04-28T12:20:43.001,SEND,DEALERWEB_REPO,aslegerhard01,912810TU2_20250429_20250430_AON,Sell,5.00,4.3700,Limit,FAS,-1,
2025-04-28T12:20:43.001,SENT,DEALERWEB_REPO,aslegerhard01,912810TU2_20250429_20250430_AON,Sell,5.00,4.3700,Limit,FAS,256,
2025-04-28T12:44:26.290,SEND,DEALERWEB_REPO,aslegerhard01,9128286A3_20250429_20250430,Buy,25.00,4.3400,Limit,FAS,-1,
2025-04-28T12:44:26.291,SENT,DEALERWEB_REPO,aslegerhard01,9128286A3_20250429_20250430,Buy,25.00,4.3400,Limit,FAS,257,
2025-04-28T12:44:26.291,SEND,DEALERWEB_REPO,aslegerhard01,9128286A3_20250429_20250430_AON,Sell,6.00,4.3000,Limit,FAS,-1,
2025-04-28T12:44:26.291,SENT,DEALERWEB_REPO,aslegerhard01,9128286A3_20250429_20250430_AON,Sell,6.00,4.3000,Limit,FAS,258,
timestamp,operation,source,trader,instrumentId,direction,size,price,orderType,tif,requestId,orderId

timestamp,operation,source,trader,instrumentId,direction,size,price,orderType,tif,requestId,orderId

2025-04-28T14:13:57.627,SEND,DEALERWEB_REPO,aslegerhard01,912810TE8_20250429_20250430,Buy,25.00,4.4000,Limit,FAS,-1,
2025-04-28T14:13:57.631,SENT,DEALERWEB_REPO,aslegerhard01,912810TE8_20250429_20250430,Buy,25.00,4.4000,Limit,FAS,1,
2025-04-28T14:13:57.631,SEND,DEALERWEB_REPO,aslegerhard01,912810TE8_20250429_20250430_AON,Sell,12.00,4.3600,Limit,FAS,-1,
2025-04-28T14:13:57.632,SENT,DEALERWEB_REPO,aslegerhard01,912810TE8_20250429_20250430_AON,Sell,12.00,4.3600,Limit,FAS,2,
