timestamp,operation,source,trader,instrumentId,direction,size,price,orderType,tif,requestId,orderId

2025-04-25T07:00:03.866,SEND,BTEC_REPO_US,EGEI,SP25_912797PS0_C_Par_0,Buy,25.00,4.3300,Limit,FAK,-1,
2025-04-25T07:00:03.882,SENT,BTEC_REPO_US,EGEI,SP25_912797PS0_C_Par_0,Buy,25.00,4.3300,Limit,FAK,1,
2025-04-25T07:00:03.883,SEND,BTEC_REPO_US,EGEI,SP25_912797PS0_C_Par_0_AON,Sell,11.00,4.2900,Limit,FOK,-1,
2025-04-25T07:00:03.884,SENT,BTEC_REPO_US,EGEI,SP25_912797PS0_C_Par_0_AON,Sell,11.00,4.2900,Limit,FOK,2,
2025-04-25T07:00:03.947,SEND,BTEC_REPO_US,EGEI,SP25_912797LW5_C_Par_0,Buy,25.00,4.2800,Limit,FAK,-1,
2025-04-25T07:00:03.949,SENT,BTEC_REPO_US,EGEI,SP25_912797LW5_C_Par_0,Buy,25.00,4.2800,Limit,FAK,3,
2025-04-25T07:00:03.950,SEND,BTEC_REPO_US,EGEI,SP25_912797LW5_C_Par_0_AON,Sell,10.00,4.2600,Limit,FOK,-1,
2025-04-25T07:00:03.950,SENT,BTEC_REPO_US,EGEI,SP25_912797LW5_C_Par_0_AON,Sell,10.00,4.2600,Limit,FOK,4,
2025-04-25T07:00:03.958,SEND,BTEC_REPO_US,EGEI,SP25_912797PS0_C_Par_0,Buy,25.00,4.3300,Limit,FAK,-1,
2025-04-25T07:00:03.959,SENT,BTEC_REPO_US,EGEI,SP25_912797PS0_C_Par_0,Buy,25.00,4.3300,Limit,FAK,5,
2025-04-25T07:00:03.959,SEND,BTEC_REPO_US,EGEI,SP25_912797PS0_C_Par_0_AON,Sell,11.00,4.2900,Limit,FOK,-1,
2025-04-25T07:00:03.960,SENT,BTEC_REPO_US,EGEI,SP25_912797PS0_C_Par_0_AON,Sell,11.00,4.2900,Limit,FOK,6,
2025-04-25T07:00:04.685,SEND,BTEC_REPO_US,EGEI,SP25_91282CEE7_C_Par_0,Buy,25.00,4.3700,Limit,FAK,-1,
2025-04-25T07:00:04.687,SENT,BTEC_REPO_US,EGEI,SP25_91282CEE7_C_Par_0,Buy,25.00,4.3700,Limit,FAK,7,
2025-04-25T07:00:04.687,SEND,DEALERWEB_REPO,aslegerhard01,91282CEE7_20250425_20250428,Sell,25.00,4.3200,Limit,FAS,-1,
2025-04-25T07:00:04.687,SENT,DEALERWEB_REPO,aslegerhard01,91282CEE7_20250425_20250428,Sell,25.00,4.3200,Limit,FAS,8,
2025-04-25T07:00:04.692,SEND,DEALERWEB_REPO,aslegerhard01,912797PC5_20250425_20250428,Buy,25.00,4.2800,Limit,FAS,-1,
2025-04-25T07:00:04.693,SENT,DEALERWEB_REPO,aslegerhard01,912797PC5_20250425_20250428,Buy,25.00,4.2800,Limit,FAS,9,
2025-04-25T07:00:04.693,SEND,BTEC_REPO_US,EGEI,SP25_912797PC5_C_Par_0,Sell,25.00,4.2400,Limit,FAK,-1,
2025-04-25T07:00:04.693,SENT,BTEC_REPO_US,EGEI,SP25_912797PC5_C_Par_0,Sell,25.00,4.2400,Limit,FAK,10,
2025-04-25T07:00:04.699,SEND,BTEC_REPO_US,EGEI,SP25_91282CLR0_C_Par_0,Buy,25.00,4.3700,Limit,FAK,-1,
2025-04-25T07:00:04.699,SENT,BTEC_REPO_US,EGEI,SP25_91282CLR0_C_Par_0,Buy,25.00,4.3700,Limit,FAK,11,
2025-04-25T07:00:04.700,SEND,DEALERWEB_REPO,aslegerhard01,91282CLR0_20250425_20250428,Sell,25.00,4.3300,Limit,FAS,-1,
2025-04-25T07:00:04.700,SENT,DEALERWEB_REPO,aslegerhard01,91282CLR0_20250425_20250428,Sell,25.00,4.3300,Limit,FAS,12,
2025-04-25T07:00:04.701,SEND,DEALERWEB_REPO,aslegerhard01,912797LW5_20250425_20250428,Buy,25.00,4.3000,Limit,FAS,-1,
2025-04-25T07:00:04.702,SENT,DEALERWEB_REPO,aslegerhard01,912797LW5_20250425_20250428,Buy,25.00,4.3000,Limit,FAS,13,
2025-04-25T07:00:04.702,SEND,BTEC_REPO_US,EGEI,SP25_912797LW5_C_Par_0_AON,Sell,10.00,4.2600,Limit,FOK,-1,
2025-04-25T07:00:04.703,SENT,BTEC_REPO_US,EGEI,SP25_912797LW5_C_Par_0_AON,Sell,10.00,4.2600,Limit,FOK,14,
2025-04-25T07:00:04.719,SEND,DEALERWEB_REPO,aslegerhard01,9128285W6_20250425_20250428,Buy,25.00,4.3100,Limit,FAS,-1,
2025-04-25T07:00:04.719,SENT,DEALERWEB_REPO,aslegerhard01,9128285W6_20250425_20250428,Buy,25.00,4.3100,Limit,FAS,15,
2025-04-25T07:00:04.720,SEND,BTEC_REPO_US,EGEI,SP25_9128285W6_C_Par_0,Sell,25.00,4.2900,Limit,FAK,-1,
2025-04-25T07:00:04.720,SENT,BTEC_REPO_US,EGEI,SP25_9128285W6_C_Par_0,Sell,25.00,4.2900,Limit,FAK,16,
2025-04-25T07:00:04.722,SEND,DEALERWEB_REPO,aslegerhard01,912828Z37_20250425_20250428,Buy,25.00,4.3100,Limit,FAS,-1,
2025-04-25T07:00:04.723,SENT,DEALERWEB_REPO,aslegerhard01,912828Z37_20250425_20250428,Buy,25.00,4.3100,Limit,FAS,17,
2025-04-25T07:00:04.723,SEND,BTEC_REPO_US,EGEI,SP25_912828Z37_C_Par_0,Sell,25.00,4.2800,Limit,FAK,-1,
2025-04-25T07:00:04.724,SENT,BTEC_REPO_US,EGEI,SP25_912828Z37_C_Par_0,Sell,25.00,4.2800,Limit,FAK,18,
2025-04-25T07:00:04.730,SEND,DEALERWEB_REPO,aslegerhard01,912797MH7_20250425_20250428,Buy,25.00,4.2300,Limit,FAS,-1,
2025-04-25T07:00:04.731,SENT,DEALERWEB_REPO,aslegerhard01,912797MH7_20250425_20250428,Buy,25.00,4.2300,Limit,FAS,19,
2025-04-25T07:00:04.731,SEND,BTEC_REPO_US,EGEI,SP25_912797MH7_C_Par_0_AON,Sell,10.00,4.2100,Limit,FOK,-1,
2025-04-25T07:00:04.732,SENT,BTEC_REPO_US,EGEI,SP25_912797MH7_C_Par_0_AON,Sell,10.00,4.2100,Limit,FOK,20,
2025-04-25T07:00:04.737,SEND,DEALERWEB_REPO,aslegerhard01,912797NL7_20250425_20250428,Buy,25.00,4.1800,Limit,FAS,-1,
2025-04-25T07:00:04.737,SENT,DEALERWEB_REPO,aslegerhard01,912797NL7_20250425_20250428,Buy,25.00,4.1800,Limit,FAS,21,
2025-04-25T07:00:04.737,SEND,BTEC_REPO_US,EGEI,SP25_912797NL7_C_Par_0,Sell,25.00,4.1600,Limit,FAK,-1,
2025-04-25T07:00:04.738,SENT,BTEC_REPO_US,EGEI,SP25_912797NL7_C_Par_0,Sell,25.00,4.1600,Limit,FAK,22,
2025-04-25T07:00:04.750,SEND,DEALERWEB_REPO,aslegerhard01,912797NW3_20250425_20250428,Buy,25.00,4.3000,Limit,FAS,-1,
2025-04-25T07:00:04.751,SENT,DEALERWEB_REPO,aslegerhard01,912797NW3_20250425_20250428,Buy,25.00,4.3000,Limit,FAS,23,
2025-04-25T07:00:04.751,SEND,BTEC_REPO_US,EGEI,SP25_912797NW3_C_Par_0,Sell,25.00,4.2800,Limit,FAK,-1,
2025-04-25T07:00:04.751,SENT,BTEC_REPO_US,EGEI,SP25_912797NW3_C_Par_0,Sell,25.00,4.2800,Limit,FAK,24,
2025-04-25T07:00:04.753,SEND,DEALERWEB_REPO,aslegerhard01,912797PD3_20250425_20250428,Buy,25.00,4.3100,Limit,FAS,-1,
2025-04-25T07:00:04.753,SENT,DEALERWEB_REPO,aslegerhard01,912797PD3_20250425_20250428,Buy,25.00,4.3100,Limit,FAS,25,
2025-04-25T07:00:04.754,SEND,BTEC_REPO_US,EGEI,SP25_912797PD3_C_Par_0,Sell,25.00,4.2800,Limit,FAK,-1,
2025-04-25T07:00:04.754,SENT,BTEC_REPO_US,EGEI,SP25_912797PD3_C_Par_0,Sell,25.00,4.2800,Limit,FAK,26,
2025-04-25T07:00:04.759,SEND,DEALERWEB_REPO,aslegerhard01,912797PT8_20250425_20250428,Buy,25.00,4.2500,Limit,FAS,-1,
2025-04-25T07:00:04.759,SENT,DEALERWEB_REPO,aslegerhard01,912797PT8_20250425_20250428,Buy,25.00,4.2500,Limit,FAS,27,
2025-04-25T07:00:04.760,SEND,BTEC_REPO_US,EGEI,SP25_912797PT8_C_Par_0,Sell,25.00,4.1900,Limit,FAK,-1,
2025-04-25T07:00:04.760,SENT,BTEC_REPO_US,EGEI,SP25_912797PT8_C_Par_0,Sell,25.00,4.1900,Limit,FAK,28,
2025-04-25T07:00:04.871,SEND,BTEC_REPO_US,EGEI,SP25_91282CJX0_C_Par_0,Buy,25.00,4.3800,Limit,FAK,-1,
2025-04-25T07:00:04.874,SENT,BTEC_REPO_US,EGEI,SP25_91282CJX0_C_Par_0,Buy,25.00,4.3800,Limit,FAK,29,
2025-04-25T07:00:04.874,SEND,DEALERWEB_REPO,aslegerhard01,91282CJX0_20250425_20250428,Sell,25.00,4.3500,Limit,FAS,-1,
2025-04-25T07:00:04.875,SENT,DEALERWEB_REPO,aslegerhard01,91282CJX0_20250425_20250428,Sell,25.00,4.3500,Limit,FAS,30,
2025-04-25T07:00:04.883,SEND,BTEC_REPO_US,EGEI,SP25_91282CGH8_C_Par_0,Buy,25.00,4.3800,Limit,FAK,-1,
2025-04-25T07:00:04.883,SENT,BTEC_REPO_US,EGEI,SP25_91282CGH8_C_Par_0,Buy,25.00,4.3800,Limit,FAK,31,
2025-04-25T07:00:04.883,SEND,DEALERWEB_REPO,aslegerhard01,91282CGH8_20250425_20250428,Sell,25.00,4.3600,Limit,FAS,-1,
2025-04-25T07:00:04.884,SENT,DEALERWEB_REPO,aslegerhard01,91282CGH8_20250425_20250428,Sell,25.00,4.3600,Limit,FAS,32,
2025-04-25T07:00:04.999,SEND,DEALERWEB_REPO,aslegerhard01,9128285W6_20250425_20250428,Buy,25.00,4.3100,Limit,FAS,-1,
2025-04-25T07:00:05.000,SENT,DEALERWEB_REPO,aslegerhard01,9128285W6_20250425_20250428,Buy,25.00,4.3100,Limit,FAS,33,
2025-04-25T07:00:05.001,SEND,BTEC_REPO_US,EGEI,SP25_9128285W6_C_Par_0,Sell,25.00,4.2900,Limit,FAK,-1,
2025-04-25T07:00:05.003,SENT,BTEC_REPO_US,EGEI,SP25_9128285W6_C_Par_0,Sell,25.00,4.2900,Limit,FAK,34,
2025-04-25T07:00:05.023,SEND,BTEC_REPO_US,EGEI,SP25_91282CGH8_C_Par_0,Buy,25.00,4.3800,Limit,FAK,-1,
2025-04-25T07:00:05.023,SENT,BTEC_REPO_US,EGEI,SP25_91282CGH8_C_Par_0,Buy,25.00,4.3800,Limit,FAK,35,
2025-04-25T07:00:05.024,SEND,DEALERWEB_REPO,aslegerhard01,91282CGH8_20250425_20250428,Sell,25.00,4.3600,Limit,FAS,-1,
2025-04-25T07:00:05.025,SENT,DEALERWEB_REPO,aslegerhard01,91282CGH8_20250425_20250428,Sell,25.00,4.3600,Limit,FAS,36,
2025-04-25T07:00:05.028,SEND,DEALERWEB_REPO,aslegerhard01,912828Z37_20250425_20250428,Buy,25.00,4.3100,Limit,FAS,-1,
2025-04-25T07:00:05.029,SENT,DEALERWEB_REPO,aslegerhard01,912828Z37_20250425_20250428,Buy,25.00,4.3100,Limit,FAS,37,
2025-04-25T07:00:05.030,SEND,BTEC_REPO_US,EGEI,SP25_912828Z37_C_Par_0,Sell,25.00,4.2800,Limit,FAK,-1,
2025-04-25T07:00:05.030,SENT,BTEC_REPO_US,EGEI,SP25_912828Z37_C_Par_0,Sell,25.00,4.2800,Limit,FAK,38,
2025-04-25T07:00:05.041,SEND,DEALERWEB_REPO,aslegerhard01,912797NW3_20250425_20250428,Buy,25.00,4.3000,Limit,FAS,-1,
2025-04-25T07:00:05.041,SENT,DEALERWEB_REPO,aslegerhard01,912797NW3_20250425_20250428,Buy,25.00,4.3000,Limit,FAS,39,
2025-04-25T07:00:05.041,SEND,BTEC_REPO_US,EGEI,SP25_912797NW3_C_Par_0,Sell,25.00,4.2800,Limit,FAK,-1,
2025-04-25T07:00:05.042,SENT,BTEC_REPO_US,EGEI,SP25_912797NW3_C_Par_0,Sell,25.00,4.2800,Limit,FAK,40,
2025-04-25T07:00:05.053,SEND,DEALERWEB_REPO,aslegerhard01,912797PT8_20250425_20250428,Buy,25.00,4.2500,Limit,FAS,-1,
2025-04-25T07:00:05.054,SENT,DEALERWEB_REPO,aslegerhard01,912797PT8_20250425_20250428,Buy,25.00,4.2500,Limit,FAS,41,
2025-04-25T07:00:05.054,SEND,BTEC_REPO_US,EGEI,SP25_912797PT8_C_Par_0,Sell,25.00,4.1900,Limit,FAK,-1,
2025-04-25T07:00:05.063,SENT,BTEC_REPO_US,EGEI,SP25_912797PT8_C_Par_0,Sell,25.00,4.1900,Limit,FAK,42,
2025-04-25T07:00:05.065,SEND,DEALERWEB_REPO,aslegerhard01,912797LW5_20250425_20250428,Buy,25.00,4.3000,Limit,FAS,-1,
2025-04-25T07:00:05.065,SEND,DEALERWEB_REPO,aslegerhard01,912797MH7_20250425_20250428,Buy,25.00,4.2300,Limit,FAS,-1,
2025-04-25T07:00:05.066,SENT,DEALERWEB_REPO,aslegerhard01,912797MH7_20250425_20250428,Buy,25.00,4.2300,Limit,FAS,44,
2025-04-25T07:00:05.066,SEND,BTEC_REPO_US,EGEI,SP25_912797MH7_C_Par_0_AON,Sell,10.00,4.2100,Limit,FOK,-1,
2025-04-25T07:00:05.066,SENT,DEALERWEB_REPO,aslegerhard01,912797LW5_20250425_20250428,Buy,25.00,4.3000,Limit,FAS,44,
2025-04-25T07:00:05.067,SEND,BTEC_REPO_US,EGEI,SP25_912797LW5_C_Par_0,Sell,25.00,4.2800,Limit,FAK,-1,
2025-04-25T07:00:05.067,SENT,BTEC_REPO_US,EGEI,SP25_912797MH7_C_Par_0_AON,Sell,10.00,4.2100,Limit,FOK,45,
2025-04-25T07:00:05.067,SENT,BTEC_REPO_US,EGEI,SP25_912797LW5_C_Par_0,Sell,25.00,4.2800,Limit,FAK,46,
2025-04-25T07:00:05.067,SEND,BTEC_REPO_US,EGEI,SP25_91282CEE7_C_Par_0,Buy,25.00,4.3700,Limit,FAK,-1,
2025-04-25T07:00:05.068,SENT,BTEC_REPO_US,EGEI,SP25_91282CEE7_C_Par_0,Buy,25.00,4.3700,Limit,FAK,47,
2025-04-25T07:00:05.068,SEND,DEALERWEB_REPO,aslegerhard01,91282CEE7_20250425_20250428,Sell,25.00,4.3200,Limit,FAS,-1,
2025-04-25T07:00:05.068,SENT,DEALERWEB_REPO,aslegerhard01,91282CEE7_20250425_20250428,Sell,25.00,4.3200,Limit,FAS,48,
2025-04-25T07:00:05.111,SEND,DEALERWEB_REPO,aslegerhard01,912797NL7_20250425_20250428,Buy,25.00,4.1800,Limit,FAS,-1,
2025-04-25T07:00:05.111,SENT,DEALERWEB_REPO,aslegerhard01,912797NL7_20250425_20250428,Buy,25.00,4.1800,Limit,FAS,49,
2025-04-25T07:00:05.111,SEND,BTEC_REPO_US,EGEI,SP25_912797NL7_C_Par_0,Sell,25.00,4.1600,Limit,FAK,-1,
2025-04-25T07:00:05.112,SENT,BTEC_REPO_US,EGEI,SP25_912797NL7_C_Par_0,Sell,25.00,4.1600,Limit,FAK,50,
2025-04-25T07:00:05.113,SEND,BTEC_REPO_US,EGEI,SP25_91282CJE2_C_Par_0,Buy,25.00,4.3000,Limit,FAK,-1,
2025-04-25T07:00:05.114,SEND,BTEC_REPO_US,EGEI,SP25_91282CJE2_C_Par_0,Buy,25.00,4.3000,Limit,FAK,-1,
2025-04-25T07:00:05.114,SENT,BTEC_REPO_US,EGEI,SP25_91282CJE2_C_Par_0,Buy,25.00,4.3000,Limit,FAK,52,
2025-04-25T07:00:05.114,SENT,BTEC_REPO_US,EGEI,SP25_91282CJE2_C_Par_0,Buy,25.00,4.3000,Limit,FAK,52,
2025-04-25T07:00:05.114,SEND,DEALERWEB_REPO,aslegerhard01,91282CJE2_20250425_20250428,Sell,25.00,4.2700,Limit,FAS,-1,
2025-04-25T07:00:05.114,SEND,DEALERWEB_REPO,aslegerhard01,91282CJE2_20250425_20250428,Sell,25.00,4.2700,Limit,FAS,-1,
2025-04-25T07:00:05.115,SENT,DEALERWEB_REPO,aslegerhard01,91282CJE2_20250425_20250428,Sell,25.00,4.2700,Limit,FAS,53,
2025-04-25T07:00:05.115,SENT,DEALERWEB_REPO,aslegerhard01,91282CJE2_20250425_20250428,Sell,25.00,4.2700,Limit,FAS,54,
2025-04-25T07:00:05.117,SEND,DEALERWEB_REPO,aslegerhard01,912797LW5_20250425_20250428,Buy,25.00,4.3000,Limit,FAS,-1,
2025-04-25T07:00:05.117,SENT,DEALERWEB_REPO,aslegerhard01,912797LW5_20250425_20250428,Buy,25.00,4.3000,Limit,FAS,55,
2025-04-25T07:00:05.119,SEND,BTEC_REPO_US,EGEI,SP25_912797LW5_C_Par_0,Sell,25.00,4.2800,Limit,FAK,-1,
2025-04-25T07:00:05.119,SENT,BTEC_REPO_US,EGEI,SP25_912797LW5_C_Par_0,Sell,25.00,4.2800,Limit,FAK,56,
2025-04-25T07:00:05.131,SEND,DEALERWEB_REPO,aslegerhard01,912797PD3_20250425_20250428,Buy,25.00,4.3100,Limit,FAS,-1,
2025-04-25T07:00:05.131,SENT,DEALERWEB_REPO,aslegerhard01,912797PD3_20250425_20250428,Buy,25.00,4.3100,Limit,FAS,57,
2025-04-25T07:00:05.131,SEND,BTEC_REPO_US,EGEI,SP25_912797PD3_C_Par_0,Sell,25.00,4.2800,Limit,FAK,-1,
2025-04-25T07:00:05.132,SENT,BTEC_REPO_US,EGEI,SP25_912797PD3_C_Par_0,Sell,25.00,4.2800,Limit,FAK,58,
2025-04-25T07:00:05.204,SEND,DEALERWEB_REPO,aslegerhard01,912797NA1_20250425_20250428,Buy,25.00,4.0000,Limit,FAS,-1,
2025-04-25T07:00:05.204,SENT,DEALERWEB_REPO,aslegerhard01,912797NA1_20250425_20250428,Buy,25.00,4.0000,Limit,FAS,59,
2025-04-25T07:00:05.204,SEND,BTEC_REPO_US,EGEI,SP25_912797NA1_C_Par_0,Sell,25.00,3.9700,Limit,FAK,-1,
2025-04-25T07:00:05.205,SENT,BTEC_REPO_US,EGEI,SP25_912797NA1_C_Par_0,Sell,25.00,3.9700,Limit,FAK,60,
2025-04-25T07:00:05.988,SEND,DEALERWEB_REPO,aslegerhard01,9128285W6_20250425_20250428,Buy,25.00,4.3100,Limit,FAS,-1,
2025-04-25T07:00:05.989,SENT,DEALERWEB_REPO,aslegerhard01,9128285W6_20250425_20250428,Buy,25.00,4.3100,Limit,FAS,61,
2025-04-25T07:00:05.990,SEND,BTEC_REPO_US,EGEI,SP25_9128285W6_C_Par_0,Sell,25.00,4.2900,Limit,FAK,-1,
2025-04-25T07:00:05.991,SENT,BTEC_REPO_US,EGEI,SP25_9128285W6_C_Par_0,Sell,25.00,4.2900,Limit,FAK,62,
2025-04-25T07:00:05.995,SEND,DEALERWEB_REPO,aslegerhard01,912797NW3_20250425_20250428,Buy,25.00,4.3000,Limit,FAS,-1,
2025-04-25T07:00:05.995,SENT,DEALERWEB_REPO,aslegerhard01,912797NW3_20250425_20250428,Buy,25.00,4.3000,Limit,FAS,63,
2025-04-25T07:00:05.995,SEND,BTEC_REPO_US,EGEI,SP25_912797NW3_C_Par_0,Sell,25.00,4.2800,Limit,FAK,-1,
2025-04-25T07:00:05.997,SENT,BTEC_REPO_US,EGEI,SP25_912797NW3_C_Par_0,Sell,25.00,4.2800,Limit,FAK,64,
2025-04-25T07:00:06.001,SEND,BTEC_REPO_US,EGEI,SP25_91282CEE7_C_Par_0,Buy,25.00,4.3700,Limit,FAK,-1,
2025-04-25T07:00:06.001,SENT,BTEC_REPO_US,EGEI,SP25_91282CEE7_C_Par_0,Buy,25.00,4.3700,Limit,FAK,65,
2025-04-25T07:00:06.002,SEND,DEALERWEB_REPO,aslegerhard01,91282CEE7_20250425_20250428,Sell,25.00,4.3200,Limit,FAS,-1,
2025-04-25T07:00:06.002,SENT,DEALERWEB_REPO,aslegerhard01,91282CEE7_20250425_20250428,Sell,25.00,4.3200,Limit,FAS,66,
2025-04-25T07:00:06.005,SEND,DEALERWEB_REPO,aslegerhard01,912797LW5_20250425_20250428,Buy,25.00,4.3000,Limit,FAS,-1,
2025-04-25T07:00:06.006,SENT,DEALERWEB_REPO,aslegerhard01,912797LW5_20250425_20250428,Buy,25.00,4.3000,Limit,FAS,67,
2025-04-25T07:00:06.010,SEND,BTEC_REPO_US,EGEI,SP25_912797LW5_C_Par_0,Sell,25.00,4.2800,Limit,FAK,-1,
2025-04-25T07:00:06.011,SENT,BTEC_REPO_US,EGEI,SP25_912797LW5_C_Par_0,Sell,25.00,4.2800,Limit,FAK,68,
2025-04-25T07:00:06.015,SEND,DEALERWEB_REPO,aslegerhard01,912797NA1_20250425_20250428,Buy,25.00,4.0000,Limit,FAS,-1,
2025-04-25T07:00:06.016,SENT,DEALERWEB_REPO,aslegerhard01,912797NA1_20250425_20250428,Buy,25.00,4.0000,Limit,FAS,69,
2025-04-25T07:00:06.016,SEND,BTEC_REPO_US,EGEI,SP25_912797NA1_C_Par_0,Sell,25.00,3.9700,Limit,FAK,-1,
2025-04-25T07:00:06.017,SENT,BTEC_REPO_US,EGEI,SP25_912797NA1_C_Par_0,Sell,25.00,3.9700,Limit,FAK,70,
2025-04-25T07:00:06.990,SEND,DEALERWEB_REPO,aslegerhard01,912797NW3_20250425_20250428,Buy,25.00,4.3000,Limit,FAS,-1,
2025-04-25T07:00:06.991,SENT,DEALERWEB_REPO,aslegerhard01,912797NW3_20250425_20250428,Buy,25.00,4.3000,Limit,FAS,71,
2025-04-25T07:00:06.992,SEND,BTEC_REPO_US,EGEI,SP25_912797NW3_C_Par_0,Sell,25.00,4.2800,Limit,FAK,-1,
2025-04-25T07:00:06.993,SENT,BTEC_REPO_US,EGEI,SP25_912797NW3_C_Par_0,Sell,25.00,4.2800,Limit,FAK,72,
2025-04-25T07:00:06.995,SEND,BTEC_REPO_US,EGEI,SP25_91282CEE7_C_Par_0,Buy,25.00,4.3700,Limit,FAK,-1,
2025-04-25T07:00:06.999,SENT,BTEC_REPO_US,EGEI,SP25_91282CEE7_C_Par_0,Buy,25.00,4.3700,Limit,FAK,73,
2025-04-25T07:00:07.000,SEND,DEALERWEB_REPO,aslegerhard01,91282CEE7_20250425_20250428,Sell,25.00,4.3200,Limit,FAS,-1,
2025-04-25T07:00:07.000,SENT,DEALERWEB_REPO,aslegerhard01,91282CEE7_20250425_20250428,Sell,25.00,4.3200,Limit,FAS,74,
2025-04-25T07:00:07.007,SEND,DEALERWEB_REPO,aslegerhard01,912797NA1_20250425_20250428,Buy,25.00,4.0000,Limit,FAS,-1,
2025-04-25T07:00:07.009,SENT,DEALERWEB_REPO,aslegerhard01,912797NA1_20250425_20250428,Buy,25.00,4.0000,Limit,FAS,75,
2025-04-25T07:00:07.009,SEND,BTEC_REPO_US,EGEI,SP25_912797NA1_C_Par_0,Sell,25.00,3.9700,Limit,FAK,-1,
2025-04-25T07:00:07.010,SENT,BTEC_REPO_US,EGEI,SP25_912797NA1_C_Par_0,Sell,25.00,3.9700,Limit,FAK,76,
2025-04-25T07:00:07.991,SEND,DEALERWEB_REPO,aslegerhard01,912797NA1_20250425_20250428,Buy,25.00,4.0000,Limit,FAS,-1,
2025-04-25T07:00:07.992,SENT,DEALERWEB_REPO,aslegerhard01,912797NA1_20250425_20250428,Buy,25.00,4.0000,Limit,FAS,77,
2025-04-25T07:00:07.992,SEND,BTEC_REPO_US,EGEI,SP25_912797NA1_C_Par_0,Sell,25.00,3.9700,Limit,FAK,-1,
2025-04-25T07:00:07.993,SENT,BTEC_REPO_US,EGEI,SP25_912797NA1_C_Par_0,Sell,25.00,3.9700,Limit,FAK,78,
2025-04-25T07:00:08.991,SEND,DEALERWEB_REPO,aslegerhard01,912797NA1_20250425_20250428,Buy,25.00,4.0000,Limit,FAS,-1,
2025-04-25T07:00:08.992,SENT,DEALERWEB_REPO,aslegerhard01,912797NA1_20250425_20250428,Buy,25.00,4.0000,Limit,FAS,79,
2025-04-25T07:00:08.992,SEND,BTEC_REPO_US,EGEI,SP25_912797NA1_C_Par_0,Sell,25.00,3.9700,Limit,FAK,-1,
2025-04-25T07:00:08.993,SENT,BTEC_REPO_US,EGEI,SP25_912797NA1_C_Par_0,Sell,25.00,3.9700,Limit,FAK,80,
2025-04-25T07:00:09.991,SEND,DEALERWEB_REPO,aslegerhard01,912797NA1_20250425_20250428,Buy,25.00,4.0000,Limit,FAS,-1,
2025-04-25T07:00:09.991,SENT,DEALERWEB_REPO,aslegerhard01,912797NA1_20250425_20250428,Buy,25.00,4.0000,Limit,FAS,81,
2025-04-25T07:00:09.992,SEND,BTEC_REPO_US,EGEI,SP25_912797NA1_C_Par_0,Sell,25.00,3.9700,Limit,FAK,-1,
2025-04-25T07:00:09.992,SENT,BTEC_REPO_US,EGEI,SP25_912797NA1_C_Par_0,Sell,25.00,3.9700,Limit,FAK,82,
2025-04-25T07:00:10.989,SEND,DEALERWEB_REPO,aslegerhard01,912797NA1_20250425_20250428,Buy,25.00,4.0000,Limit,FAS,-1,
2025-04-25T07:00:10.991,SENT,DEALERWEB_REPO,aslegerhard01,912797NA1_20250425_20250428,Buy,25.00,4.0000,Limit,FAS,83,
2025-04-25T07:00:10.991,SEND,BTEC_REPO_US,EGEI,SP25_912797NA1_C_Par_0,Sell,25.00,3.9700,Limit,FAK,-1,
2025-04-25T07:00:10.991,SENT,BTEC_REPO_US,EGEI,SP25_912797NA1_C_Par_0,Sell,25.00,3.9700,Limit,FAK,84,
2025-04-25T07:00:11.989,SEND,DEALERWEB_REPO,aslegerhard01,912797NA1_20250425_20250428,Buy,25.00,4.0000,Limit,FAS,-1,
2025-04-25T07:00:11.990,SENT,DEALERWEB_REPO,aslegerhard01,912797NA1_20250425_20250428,Buy,25.00,4.0000,Limit,FAS,85,
2025-04-25T07:00:11.990,SEND,BTEC_REPO_US,EGEI,SP25_912797NA1_C_Par_0,Sell,25.00,3.9700,Limit,FAK,-1,
2025-04-25T07:00:11.990,SENT,BTEC_REPO_US,EGEI,SP25_912797NA1_C_Par_0,Sell,25.00,3.9700,Limit,FAK,86,
2025-04-25T07:00:12.990,SEND,DEALERWEB_REPO,aslegerhard01,912797NA1_20250425_20250428,Buy,25.00,4.0000,Limit,FAS,-1,
2025-04-25T07:00:12.990,SENT,DEALERWEB_REPO,aslegerhard01,912797NA1_20250425_20250428,Buy,25.00,4.0000,Limit,FAS,87,
2025-04-25T07:00:12.990,SEND,BTEC_REPO_US,EGEI,SP25_912797NA1_C_Par_0,Sell,25.00,3.9700,Limit,FAK,-1,
2025-04-25T07:00:12.991,SENT,BTEC_REPO_US,EGEI,SP25_912797NA1_C_Par_0,Sell,25.00,3.9700,Limit,FAK,88,
2025-04-25T07:00:13.989,SEND,DEALERWEB_REPO,aslegerhard01,912797NA1_20250425_20250428,Buy,25.00,4.0000,Limit,FAS,-1,
2025-04-25T07:00:13.990,SENT,DEALERWEB_REPO,aslegerhard01,912797NA1_20250425_20250428,Buy,25.00,4.0000,Limit,FAS,89,
2025-04-25T07:00:13.990,SEND,BTEC_REPO_US,EGEI,SP25_912797NA1_C_Par_0,Sell,25.00,3.9700,Limit,FAK,-1,
2025-04-25T07:00:13.990,SENT,BTEC_REPO_US,EGEI,SP25_912797NA1_C_Par_0,Sell,25.00,3.9700,Limit,FAK,90,
2025-04-25T07:00:14.990,SEND,DEALERWEB_REPO,aslegerhard01,912797NA1_20250425_20250428,Buy,25.00,4.0000,Limit,FAS,-1,
2025-04-25T07:00:14.991,SENT,DEALERWEB_REPO,aslegerhard01,912797NA1_20250425_20250428,Buy,25.00,4.0000,Limit,FAS,91,
2025-04-25T07:00:14.991,SEND,BTEC_REPO_US,EGEI,SP25_912797NA1_C_Par_0,Sell,25.00,3.9700,Limit,FAK,-1,
2025-04-25T07:00:14.991,SENT,BTEC_REPO_US,EGEI,SP25_912797NA1_C_Par_0,Sell,25.00,3.9700,Limit,FAK,92,
2025-04-25T07:00:15.988,SEND,DEALERWEB_REPO,aslegerhard01,912797NA1_20250425_20250428,Buy,25.00,4.0000,Limit,FAS,-1,
2025-04-25T07:00:15.988,SENT,DEALERWEB_REPO,aslegerhard01,912797NA1_20250425_20250428,Buy,25.00,4.0000,Limit,FAS,93,
2025-04-25T07:00:15.989,SEND,BTEC_REPO_US,EGEI,SP25_912797NA1_C_Par_0,Sell,25.00,3.9700,Limit,FAK,-1,
2025-04-25T07:00:15.989,SENT,BTEC_REPO_US,EGEI,SP25_912797NA1_C_Par_0,Sell,25.00,3.9700,Limit,FAK,94,
2025-04-25T07:00:18.805,SEND,BTEC_REPO_US,EGEI,USP_91282CMM0_C_Par_0_AON,Buy,40.00,4.3600,Limit,FOK,-1,
2025-04-25T07:00:18.807,SENT,BTEC_REPO_US,EGEI,USP_91282CMM0_C_Par_0_AON,Buy,40.00,4.3600,Limit,FOK,95,
2025-04-25T07:00:18.807,SEND,BTEC_REPO_US,EGEI,USP_91282CMM0_C_Par_0_AON,Sell,25.00,4.3400,Limit,FOK,-1,
2025-04-25T07:00:18.807,SENT,BTEC_REPO_US,EGEI,USP_91282CMM0_C_Par_0_AON,Sell,25.00,4.3400,Limit,FOK,96,
2025-04-25T07:00:18.832,SEND,BTEC_REPO_US,EGEI,USP_912810UJ5_C_Par_0,Buy,50.00,4.2400,Limit,FAK,-1,
2025-04-25T07:00:18.833,SENT,BTEC_REPO_US,EGEI,USP_912810UJ5_C_Par_0,Buy,50.00,4.2400,Limit,FAK,97,
2025-04-25T07:00:18.833,SEND,BTEC_REPO_US,EGEI,USP_912810UJ5_C_Par_0_AON,Sell,25.00,4.2200,Limit,FOK,-1,
2025-04-25T07:00:18.834,SENT,BTEC_REPO_US,EGEI,USP_912810UJ5_C_Par_0_AON,Sell,25.00,4.2200,Limit,FOK,98,
2025-04-25T07:00:18.943,SEND,BTEC_REPO_US,EGEI,SP25_91282CEV9_C_Par_0,Buy,25.00,4.3600,Limit,FAK,-1,
2025-04-25T07:00:18.944,SENT,BTEC_REPO_US,EGEI,SP25_91282CEV9_C_Par_0,Buy,25.00,4.3600,Limit,FAK,99,
2025-04-25T07:00:18.944,SEND,DEALERWEB_REPO,aslegerhard01,91282CEV9_20250425_20250428,Sell,25.00,4.3300,Limit,FAS,-1,
2025-04-25T07:00:18.945,SENT,DEALERWEB_REPO,aslegerhard01,91282CEV9_20250425_20250428,Sell,25.00,4.3300,Limit,FAS,100,
2025-04-25T07:00:18.982,SEND,BTEC_REPO_US,EGEI,SP25_91282CLB5_C_Par_0,Buy,25.00,4.3900,Limit,FAK,-1,
2025-04-25T07:00:18.982,SENT,BTEC_REPO_US,EGEI,SP25_91282CLB5_C_Par_0,Buy,25.00,4.3900,Limit,FAK,101,
2025-04-25T07:00:18.983,SEND,DEALERWEB_REPO,aslegerhard01,91282CLB5_20250425_20250428,Sell,25.00,4.3700,Limit,FAS,-1,
2025-04-25T07:00:18.983,SENT,DEALERWEB_REPO,aslegerhard01,91282CLB5_20250425_20250428,Sell,25.00,4.3700,Limit,FAS,102,
2025-04-25T07:00:19.113,SEND,BTEC_REPO_US,EGEI,SP25_912797PW1_C_Par_0_AON,Buy,26.00,4.3200,Limit,FOK,-1,
2025-04-25T07:00:19.114,SENT,BTEC_REPO_US,EGEI,SP25_912797PW1_C_Par_0_AON,Buy,26.00,4.3200,Limit,FOK,103,
2025-04-25T07:00:19.114,SEND,BTEC_REPO_US,EGEI,SP25_912797PW1_C_Par_0,Sell,25.00,4.3000,Limit,FAK,-1,
2025-04-25T07:00:19.114,SENT,BTEC_REPO_US,EGEI,SP25_912797PW1_C_Par_0,Sell,25.00,4.3000,Limit,FAK,104,
2025-04-25T07:00:19.336,SEND,DEALERWEB_REPO,aslegerhard01,912797QB6_20250425_20250428,Buy,25.00,4.2700,Limit,FAS,-1,
2025-04-25T07:00:19.336,SENT,DEALERWEB_REPO,aslegerhard01,912797QB6_20250425_20250428,Buy,25.00,4.2700,Limit,FAS,105,
2025-04-25T07:00:19.336,SEND,BTEC_REPO_US,EGEI,SP25_912797QB6_C_Par_0,Sell,25.00,4.2500,Limit,FAK,-1,
2025-04-25T07:00:19.336,SENT,BTEC_REPO_US,EGEI,SP25_912797QB6_C_Par_0,Sell,25.00,4.2500,Limit,FAK,106,
2025-04-25T07:00:19.988,SEND,BTEC_REPO_US,EGEI,SP25_91282CEV9_C_Par_0,Buy,25.00,4.3600,Limit,FAK,-1,
2025-04-25T07:00:19.988,SENT,BTEC_REPO_US,EGEI,SP25_91282CEV9_C_Par_0,Buy,25.00,4.3600,Limit,FAK,107,
2025-04-25T07:00:19.989,SEND,DEALERWEB_REPO,aslegerhard01,91282CEV9_20250425_20250428,Sell,25.00,4.3300,Limit,FAS,-1,
2025-04-25T07:00:19.989,SENT,DEALERWEB_REPO,aslegerhard01,91282CEV9_20250425_20250428,Sell,25.00,4.3300,Limit,FAS,108,
2025-04-25T07:00:20.988,SEND,BTEC_REPO_US,EGEI,SP25_91282CEV9_C_Par_0,Buy,25.00,4.3600,Limit,FAK,-1,
2025-04-25T07:00:20.989,SENT,BTEC_REPO_US,EGEI,SP25_91282CEV9_C_Par_0,Buy,25.00,4.3600,Limit,FAK,109,
2025-04-25T07:00:20.989,SEND,DEALERWEB_REPO,aslegerhard01,91282CEV9_20250425_20250428,Sell,25.00,4.3300,Limit,FAS,-1,
2025-04-25T07:00:20.989,SENT,DEALERWEB_REPO,aslegerhard01,91282CEV9_20250425_20250428,Sell,25.00,4.3300,Limit,FAS,110,
2025-04-25T07:00:21.987,SEND,BTEC_REPO_US,EGEI,SP25_91282CEV9_C_Par_0,Buy,25.00,4.3600,Limit,FAK,-1,
2025-04-25T07:00:21.987,SENT,BTEC_REPO_US,EGEI,SP25_91282CEV9_C_Par_0,Buy,25.00,4.3600,Limit,FAK,111,
2025-04-25T07:00:21.987,SEND,DEALERWEB_REPO,aslegerhard01,91282CEV9_20250425_20250428,Sell,25.00,4.3300,Limit,FAS,-1,
2025-04-25T07:00:21.987,SENT,DEALERWEB_REPO,aslegerhard01,91282CEV9_20250425_20250428,Sell,25.00,4.3300,Limit,FAS,112,
2025-04-25T07:00:30.434,SEND,BTEC_REPO_US,EGEI,SP25_91282CCY5_C_Par_0,Buy,25.00,4.3700,Limit,FAK,-1,
2025-04-25T07:00:30.434,SENT,BTEC_REPO_US,EGEI,SP25_91282CCY5_C_Par_0,Buy,25.00,4.3700,Limit,FAK,113,
2025-04-25T07:00:30.434,SEND,DEALERWEB_REPO,aslegerhard01,91282CCY5_20250425_20250428,Sell,25.00,4.3500,Limit,FAS,-1,
2025-04-25T07:00:30.435,SENT,DEALERWEB_REPO,aslegerhard01,91282CCY5_20250425_20250428,Sell,25.00,4.3500,Limit,FAS,114,
2025-04-25T07:00:30.986,SEND,BTEC_REPO_US,EGEI,SP25_91282CCY5_C_Par_0,Buy,25.00,4.3700,Limit,FAK,-1,
2025-04-25T07:00:30.986,SENT,BTEC_REPO_US,EGEI,SP25_91282CCY5_C_Par_0,Buy,25.00,4.3700,Limit,FAK,115,
2025-04-25T07:00:30.986,SEND,DEALERWEB_REPO,aslegerhard01,91282CCY5_20250425_20250428,Sell,25.00,4.3500,Limit,FAS,-1,
2025-04-25T07:00:30.987,SENT,DEALERWEB_REPO,aslegerhard01,91282CCY5_20250425_20250428,Sell,25.00,4.3500,Limit,FAS,116,
2025-04-25T07:00:37.113,SEND,BTEC_REPO_US,EGEI,SP25_912797PW1_C_Par_0,Buy,25.00,4.3400,Limit,FAK,-1,
2025-04-25T07:00:37.114,SENT,BTEC_REPO_US,EGEI,SP25_912797PW1_C_Par_0,Buy,25.00,4.3400,Limit,FAK,117,
2025-04-25T07:00:37.114,SEND,BTEC_REPO_US,EGEI,SP25_912797PW1_C_Par_0_AON,Sell,16.00,4.3100,Limit,FOK,-1,
2025-04-25T07:00:37.115,SENT,BTEC_REPO_US,EGEI,SP25_912797PW1_C_Par_0_AON,Sell,16.00,4.3100,Limit,FOK,118,
2025-04-25T07:00:54.330,SEND,BTEC_REPO_US,EGEI,SP25_912797PD3_C_Par_0,Buy,25.00,4.3400,Limit,FAK,-1,
2025-04-25T07:00:54.330,SENT,BTEC_REPO_US,EGEI,SP25_912797PD3_C_Par_0,Buy,25.00,4.3400,Limit,FAK,119,
2025-04-25T07:00:54.332,SEND,BTEC_REPO_US,EGEI,SP25_912797PD3_C_Par_0_AON,Sell,17.00,4.3100,Limit,FOK,-1,
2025-04-25T07:00:54.332,SENT,BTEC_REPO_US,EGEI,SP25_912797PD3_C_Par_0_AON,Sell,17.00,4.3100,Limit,FOK,120,
2025-04-25T07:00:54.384,SEND,BTEC_REPO_US,EGEI,SP25_912797PD3_C_Par_0,Buy,25.00,4.3400,Limit,FAK,-1,
2025-04-25T07:00:54.385,SENT,BTEC_REPO_US,EGEI,SP25_912797PD3_C_Par_0,Buy,25.00,4.3400,Limit,FAK,121,
2025-04-25T07:00:54.385,SEND,DEALERWEB_REPO,aslegerhard01,912797PD3_20250425_20250428,Sell,25.00,4.3100,Limit,FAS,-1,
2025-04-25T07:00:54.385,SENT,DEALERWEB_REPO,aslegerhard01,912797PD3_20250425_20250428,Sell,25.00,4.3100,Limit,FAS,122,
2025-04-25T07:00:54.987,SEND,BTEC_REPO_US,EGEI,SP25_912797PD3_C_Par_0,Buy,25.00,4.3400,Limit,FAK,-1,
2025-04-25T07:00:54.988,SENT,BTEC_REPO_US,EGEI,SP25_912797PD3_C_Par_0,Buy,25.00,4.3400,Limit,FAK,123,
2025-04-25T07:00:54.988,SEND,DEALERWEB_REPO,aslegerhard01,912797PD3_20250425_20250428,Sell,25.00,4.3100,Limit,FAS,-1,
2025-04-25T07:00:54.988,SENT,DEALERWEB_REPO,aslegerhard01,912797PD3_20250425_20250428,Sell,25.00,4.3100,Limit,FAS,124,
2025-04-25T07:00:55.988,SEND,BTEC_REPO_US,EGEI,SP25_912797PD3_C_Par_0,Buy,25.00,4.3400,Limit,FAK,-1,
2025-04-25T07:00:55.989,SENT,BTEC_REPO_US,EGEI,SP25_912797PD3_C_Par_0,Buy,25.00,4.3400,Limit,FAK,125,
2025-04-25T07:00:55.989,SEND,DEALERWEB_REPO,aslegerhard01,912797PD3_20250425_20250428,Sell,25.00,4.3100,Limit,FAS,-1,
2025-04-25T07:00:55.990,SENT,DEALERWEB_REPO,aslegerhard01,912797PD3_20250425_20250428,Sell,25.00,4.3100,Limit,FAS,126,
2025-04-25T07:00:56.986,SEND,BTEC_REPO_US,EGEI,SP25_912797PD3_C_Par_0,Buy,25.00,4.3400,Limit,FAK,-1,
2025-04-25T07:00:56.987,SENT,BTEC_REPO_US,EGEI,SP25_912797PD3_C_Par_0,Buy,25.00,4.3400,Limit,FAK,127,
2025-04-25T07:00:56.988,SEND,DEALERWEB_REPO,aslegerhard01,912797PD3_20250425_20250428,Sell,25.00,4.3100,Limit,FAS,-1,
2025-04-25T07:00:56.989,SENT,DEALERWEB_REPO,aslegerhard01,912797PD3_20250425_20250428,Sell,25.00,4.3100,Limit,FAS,128,
2025-04-25T07:00:57.991,SEND,BTEC_REPO_US,EGEI,SP25_912797PD3_C_Par_0,Buy,25.00,4.3400,Limit,FAK,-1,
2025-04-25T07:00:57.992,SENT,BTEC_REPO_US,EGEI,SP25_912797PD3_C_Par_0,Buy,25.00,4.3400,Limit,FAK,129,
2025-04-25T07:00:57.992,SEND,DEALERWEB_REPO,aslegerhard01,912797PD3_20250425_20250428,Sell,25.00,4.3100,Limit,FAS,-1,
2025-04-25T07:00:57.992,SENT,DEALERWEB_REPO,aslegerhard01,912797PD3_20250425_20250428,Sell,25.00,4.3100,Limit,FAS,130,
2025-04-25T07:00:58.936,SEND,BTEC_REPO_US,EGEI,SP25_91282CLU3_C_Par_0,Buy,25.00,4.3700,Limit,FAK,-1,
2025-04-25T07:00:58.937,SENT,BTEC_REPO_US,EGEI,SP25_91282CLU3_C_Par_0,Buy,25.00,4.3700,Limit,FAK,131,
2025-04-25T07:00:58.937,SEND,DEALERWEB_REPO,aslegerhard01,91282CLU3_20250425_20250428,Sell,25.00,4.3500,Limit,FAS,-1,
2025-04-25T07:00:58.937,SENT,DEALERWEB_REPO,aslegerhard01,91282CLU3_20250425_20250428,Sell,25.00,4.3500,Limit,FAS,132,
2025-04-25T07:00:58.988,SEND,BTEC_REPO_US,EGEI,SP25_91282CLU3_C_Par_0,Buy,25.00,4.3700,Limit,FAK,-1,
2025-04-25T07:00:58.988,SENT,BTEC_REPO_US,EGEI,SP25_91282CLU3_C_Par_0,Buy,25.00,4.3700,Limit,FAK,133,
2025-04-25T07:00:58.988,SEND,DEALERWEB_REPO,aslegerhard01,91282CLU3_20250425_20250428,Sell,25.00,4.3500,Limit,FAS,-1,
2025-04-25T07:00:58.988,SENT,DEALERWEB_REPO,aslegerhard01,91282CLU3_20250425_20250428,Sell,25.00,4.3500,Limit,FAS,134,
2025-04-25T07:00:58.989,SEND,BTEC_REPO_US,EGEI,SP25_912797PD3_C_Par_0,Buy,25.00,4.3400,Limit,FAK,-1,
2025-04-25T07:00:58.989,SENT,BTEC_REPO_US,EGEI,SP25_912797PD3_C_Par_0,Buy,25.00,4.3400,Limit,FAK,135,
2025-04-25T07:00:58.989,SEND,DEALERWEB_REPO,aslegerhard01,912797PD3_20250425_20250428,Sell,25.00,4.3100,Limit,FAS,-1,
2025-04-25T07:00:58.990,SENT,DEALERWEB_REPO,aslegerhard01,912797PD3_20250425_20250428,Sell,25.00,4.3100,Limit,FAS,136,
2025-04-25T07:00:59.792,SEND,BTEC_REPO_US,EGEI,SP25_912828R36_C_Par_0,Buy,25.00,4.3900,Limit,FAK,-1,
2025-04-25T07:00:59.793,SENT,BTEC_REPO_US,EGEI,SP25_912828R36_C_Par_0,Buy,25.00,4.3900,Limit,FAK,137,
2025-04-25T07:00:59.793,SEND,DEALERWEB_REPO,aslegerhard01,912828R36_20250425_20250428,Sell,25.00,4.3700,Limit,FAS,-1,
2025-04-25T07:00:59.793,SENT,DEALERWEB_REPO,aslegerhard01,912828R36_20250425_20250428,Sell,25.00,4.3700,Limit,FAS,138,
2025-04-25T07:00:59.987,SEND,BTEC_REPO_US,EGEI,SP25_91282CLU3_C_Par_0,Buy,25.00,4.3700,Limit,FAK,-1,
2025-04-25T07:00:59.987,SENT,BTEC_REPO_US,EGEI,SP25_91282CLU3_C_Par_0,Buy,25.00,4.3700,Limit,FAK,139,
2025-04-25T07:00:59.988,SEND,DEALERWEB_REPO,aslegerhard01,91282CLU3_20250425_20250428,Sell,25.00,4.3500,Limit,FAS,-1,
2025-04-25T07:00:59.988,SENT,DEALERWEB_REPO,aslegerhard01,91282CLU3_20250425_20250428,Sell,25.00,4.3500,Limit,FAS,140,
2025-04-25T07:00:59.989,SEND,BTEC_REPO_US,EGEI,SP25_912828R36_C_Par_0,Buy,25.00,4.3900,Limit,FAK,-1,
2025-04-25T07:00:59.990,SENT,BTEC_REPO_US,EGEI,SP25_912828R36_C_Par_0,Buy,25.00,4.3900,Limit,FAK,141,
2025-04-25T07:00:59.990,SEND,DEALERWEB_REPO,aslegerhard01,912828R36_20250425_20250428,Sell,25.00,4.3700,Limit,FAS,-1,
2025-04-25T07:00:59.991,SENT,DEALERWEB_REPO,aslegerhard01,912828R36_20250425_20250428,Sell,25.00,4.3700,Limit,FAS,142,
2025-04-25T07:00:59.992,SEND,BTEC_REPO_US,EGEI,SP25_912797PD3_C_Par_0,Buy,25.00,4.3400,Limit,FAK,-1,
2025-04-25T07:00:59.992,SENT,BTEC_REPO_US,EGEI,SP25_912797PD3_C_Par_0,Buy,25.00,4.3400,Limit,FAK,143,
2025-04-25T07:00:59.992,SEND,DEALERWEB_REPO,aslegerhard01,912797PD3_20250425_20250428,Sell,25.00,4.3100,Limit,FAS,-1,
2025-04-25T07:00:59.993,SENT,DEALERWEB_REPO,aslegerhard01,912797PD3_20250425_20250428,Sell,25.00,4.3100,Limit,FAS,144,
2025-04-25T07:01:00.077,SEND,BTEC_REPO_US,EGEI,SP25_91282CLU3_C_Par_0,Buy,25.00,4.3700,Limit,FAK,-1,
2025-04-25T07:01:00.078,SENT,BTEC_REPO_US,EGEI,SP25_91282CLU3_C_Par_0,Buy,25.00,4.3700,Limit,FAK,145,
2025-04-25T07:01:00.078,SEND,DEALERWEB_REPO,aslegerhard01,91282CLU3_20250425_20250428,Sell,25.00,4.3500,Limit,FAS,-1,
2025-04-25T07:01:00.078,SENT,DEALERWEB_REPO,aslegerhard01,91282CLU3_20250425_20250428,Sell,25.00,4.3500,Limit,FAS,146,
2025-04-25T07:01:00.988,SEND,BTEC_REPO_US,EGEI,SP25_912797PD3_C_Par_0,Buy,25.00,4.3400,Limit,FAK,-1,
2025-04-25T07:01:00.989,SENT,BTEC_REPO_US,EGEI,SP25_912797PD3_C_Par_0,Buy,25.00,4.3400,Limit,FAK,147,
2025-04-25T07:01:00.990,SEND,DEALERWEB_REPO,aslegerhard01,912797PD3_20250425_20250428,Sell,25.00,4.3100,Limit,FAS,-1,
2025-04-25T07:01:00.990,SENT,DEALERWEB_REPO,aslegerhard01,912797PD3_20250425_20250428,Sell,25.00,4.3100,Limit,FAS,148,
2025-04-25T07:01:01.992,SEND,BTEC_REPO_US,EGEI,SP25_912797PD3_C_Par_0,Buy,25.00,4.3400,Limit,FAK,-1,
2025-04-25T07:01:01.993,SENT,BTEC_REPO_US,EGEI,SP25_912797PD3_C_Par_0,Buy,25.00,4.3400,Limit,FAK,149,
2025-04-25T07:01:01.993,SEND,DEALERWEB_REPO,aslegerhard01,912797PD3_20250425_20250428,Sell,25.00,4.3100,Limit,FAS,-1,
2025-04-25T07:01:01.993,SENT,DEALERWEB_REPO,aslegerhard01,912797PD3_20250425_20250428,Sell,25.00,4.3100,Limit,FAS,150,
2025-04-25T07:01:02.547,SEND,BTEC_REPO_US,EGEI,USP_91282CGQ8_C_Par_0,Buy,50.00,4.3800,Limit,FAK,-1,
2025-04-25T07:01:02.547,SENT,BTEC_REPO_US,EGEI,USP_91282CGQ8_C_Par_0,Buy,50.00,4.3800,Limit,FAK,151,
2025-04-25T07:01:02.548,SEND,BTEC_REPO_US,EGEI,USP_91282CGQ8_C_Par_0_AON,Sell,40.00,4.3600,Limit,FOK,-1,
2025-04-25T07:01:02.548,SENT,BTEC_REPO_US,EGEI,USP_91282CGQ8_C_Par_0_AON,Sell,40.00,4.3600,Limit,FOK,152,
2025-04-25T07:01:02.993,SEND,BTEC_REPO_US,EGEI,SP25_912797PD3_C_Par_0,Buy,25.00,4.3400,Limit,FAK,-1,
2025-04-25T07:01:02.993,SENT,BTEC_REPO_US,EGEI,SP25_912797PD3_C_Par_0,Buy,25.00,4.3400,Limit,FAK,153,
2025-04-25T07:01:02.993,SEND,DEALERWEB_REPO,aslegerhard01,912797PD3_20250425_20250428,Sell,25.00,4.3100,Limit,FAS,-1,
2025-04-25T07:01:02.994,SENT,DEALERWEB_REPO,aslegerhard01,912797PD3_20250425_20250428,Sell,25.00,4.3100,Limit,FAS,154,
2025-04-25T07:01:03.988,SEND,BTEC_REPO_US,EGEI,SP25_912797PD3_C_Par_0,Buy,25.00,4.3400,Limit,FAK,-1,
2025-04-25T07:01:03.988,SENT,BTEC_REPO_US,EGEI,SP25_912797PD3_C_Par_0,Buy,25.00,4.3400,Limit,FAK,155,
2025-04-25T07:01:03.988,SEND,DEALERWEB_REPO,aslegerhard01,912797PD3_20250425_20250428,Sell,25.00,4.3100,Limit,FAS,-1,
2025-04-25T07:01:03.988,SENT,DEALERWEB_REPO,aslegerhard01,912797PD3_20250425_20250428,Sell,25.00,4.3100,Limit,FAS,156,
2025-04-25T07:01:19.097,SEND,BTEC_REPO_US,EGEI,SP25_912797PD3_C_Par_0,Buy,25.00,4.3300,Limit,FAK,-1,
2025-04-25T07:01:19.097,SENT,BTEC_REPO_US,EGEI,SP25_912797PD3_C_Par_0,Buy,25.00,4.3300,Limit,FAK,157,
2025-04-25T07:01:19.098,SEND,DEALERWEB_REPO,aslegerhard01,912797PD3_20250425_20250428,Sell,25.00,4.3100,Limit,FAS,-1,
2025-04-25T07:01:19.098,SENT,DEALERWEB_REPO,aslegerhard01,912797PD3_20250425_20250428,Sell,25.00,4.3100,Limit,FAS,158,
2025-04-25T07:01:19.988,SEND,BTEC_REPO_US,EGEI,SP25_912797PD3_C_Par_0,Buy,25.00,4.3300,Limit,FAK,-1,
2025-04-25T07:01:19.989,SENT,BTEC_REPO_US,EGEI,SP25_912797PD3_C_Par_0,Buy,25.00,4.3300,Limit,FAK,159,
2025-04-25T07:01:19.989,SEND,DEALERWEB_REPO,aslegerhard01,912797PD3_20250425_20250428,Sell,25.00,4.3100,Limit,FAS,-1,
2025-04-25T07:01:19.989,SENT,DEALERWEB_REPO,aslegerhard01,912797PD3_20250425_20250428,Sell,25.00,4.3100,Limit,FAS,160,
2025-04-25T07:01:20.868,SEND,BTEC_REPO_US,EGEI,USP_91282CMT5_C_Par_0,Buy,50.00,4.3800,Limit,FAK,-1,
2025-04-25T07:01:20.868,SENT,BTEC_REPO_US,EGEI,USP_91282CMT5_C_Par_0,Buy,50.00,4.3800,Limit,FAK,161,
2025-04-25T07:01:20.868,SEND,DEALERWEB_REPO,aslegerhard01,91282CMT5_20250425_20250428,Sell,50.00,4.3500,Limit,FAS,-1,
2025-04-25T07:01:20.869,SENT,DEALERWEB_REPO,aslegerhard01,91282CMT5_20250425_20250428,Sell,50.00,4.3500,Limit,FAS,162,
2025-04-25T07:01:20.987,SEND,BTEC_REPO_US,EGEI,USP_91282CMT5_C_Par_0,Buy,50.00,4.3800,Limit,FAK,-1,
2025-04-25T07:01:20.988,SENT,BTEC_REPO_US,EGEI,USP_91282CMT5_C_Par_0,Buy,50.00,4.3800,Limit,FAK,163,
2025-04-25T07:01:20.988,SEND,DEALERWEB_REPO,aslegerhard01,91282CMT5_20250425_20250428,Sell,50.00,4.3500,Limit,FAS,-1,
2025-04-25T07:01:20.988,SENT,DEALERWEB_REPO,aslegerhard01,91282CMT5_20250425_20250428,Sell,50.00,4.3500,Limit,FAS,164,
2025-04-25T07:01:20.989,SEND,BTEC_REPO_US,EGEI,SP25_912797PD3_C_Par_0,Buy,25.00,4.3300,Limit,FAK,-1,
2025-04-25T07:01:20.989,SENT,BTEC_REPO_US,EGEI,SP25_912797PD3_C_Par_0,Buy,25.00,4.3300,Limit,FAK,165,
2025-04-25T07:01:20.989,SEND,DEALERWEB_REPO,aslegerhard01,912797PD3_20250425_20250428,Sell,25.00,4.3100,Limit,FAS,-1,
2025-04-25T07:01:20.989,SENT,DEALERWEB_REPO,aslegerhard01,912797PD3_20250425_20250428,Sell,25.00,4.3100,Limit,FAS,166,
2025-04-25T07:01:21.987,SEND,BTEC_REPO_US,EGEI,USP_91282CMT5_C_Par_0,Buy,50.00,4.3800,Limit,FAK,-1,
2025-04-25T07:01:21.988,SENT,BTEC_REPO_US,EGEI,USP_91282CMT5_C_Par_0,Buy,50.00,4.3800,Limit,FAK,167,
2025-04-25T07:01:21.988,SEND,DEALERWEB_REPO,aslegerhard01,91282CMT5_20250425_20250428,Sell,50.00,4.3500,Limit,FAS,-1,
2025-04-25T07:01:21.988,SENT,DEALERWEB_REPO,aslegerhard01,91282CMT5_20250425_20250428,Sell,50.00,4.3500,Limit,FAS,168,
2025-04-25T07:01:21.989,SEND,BTEC_REPO_US,EGEI,SP25_912797PD3_C_Par_0,Buy,25.00,4.3300,Limit,FAK,-1,
2025-04-25T07:01:21.990,SENT,BTEC_REPO_US,EGEI,SP25_912797PD3_C_Par_0,Buy,25.00,4.3300,Limit,FAK,169,
2025-04-25T07:01:21.990,SEND,DEALERWEB_REPO,aslegerhard01,912797PD3_20250425_20250428,Sell,25.00,4.3100,Limit,FAS,-1,
2025-04-25T07:01:21.990,SENT,DEALERWEB_REPO,aslegerhard01,912797PD3_20250425_20250428,Sell,25.00,4.3100,Limit,FAS,170,
2025-04-25T07:01:22.988,SEND,BTEC_REPO_US,EGEI,USP_91282CMT5_C_Par_0,Buy,50.00,4.3800,Limit,FAK,-1,
2025-04-25T07:01:22.988,SENT,BTEC_REPO_US,EGEI,USP_91282CMT5_C_Par_0,Buy,50.00,4.3800,Limit,FAK,171,
2025-04-25T07:01:22.990,SEND,DEALERWEB_REPO,aslegerhard01,91282CMT5_20250425_20250428,Sell,50.00,4.3500,Limit,FAS,-1,
2025-04-25T07:01:22.990,SENT,DEALERWEB_REPO,aslegerhard01,91282CMT5_20250425_20250428,Sell,50.00,4.3500,Limit,FAS,172,
2025-04-25T07:01:22.992,SEND,BTEC_REPO_US,EGEI,SP25_912797PD3_C_Par_0,Buy,25.00,4.3300,Limit,FAK,-1,
2025-04-25T07:01:22.992,SENT,BTEC_REPO_US,EGEI,SP25_912797PD3_C_Par_0,Buy,25.00,4.3300,Limit,FAK,173,
2025-04-25T07:01:22.992,SEND,DEALERWEB_REPO,aslegerhard01,912797PD3_20250425_20250428,Sell,25.00,4.3100,Limit,FAS,-1,
2025-04-25T07:01:22.992,SENT,DEALERWEB_REPO,aslegerhard01,912797PD3_20250425_20250428,Sell,25.00,4.3100,Limit,FAS,174,
2025-04-25T07:01:23.989,SEND,BTEC_REPO_US,EGEI,USP_91282CMT5_C_Par_0,Buy,50.00,4.3800,Limit,FAK,-1,
2025-04-25T07:01:23.989,SENT,BTEC_REPO_US,EGEI,USP_91282CMT5_C_Par_0,Buy,50.00,4.3800,Limit,FAK,175,
2025-04-25T07:01:23.989,SEND,DEALERWEB_REPO,aslegerhard01,91282CMT5_20250425_20250428,Sell,50.00,4.3500,Limit,FAS,-1,
2025-04-25T07:01:23.989,SENT,DEALERWEB_REPO,aslegerhard01,91282CMT5_20250425_20250428,Sell,50.00,4.3500,Limit,FAS,176,
2025-04-25T07:01:23.990,SEND,BTEC_REPO_US,EGEI,SP25_912797PD3_C_Par_0,Buy,25.00,4.3300,Limit,FAK,-1,
2025-04-25T07:01:23.990,SENT,BTEC_REPO_US,EGEI,SP25_912797PD3_C_Par_0,Buy,25.00,4.3300,Limit,FAK,177,
2025-04-25T07:01:23.990,SEND,DEALERWEB_REPO,aslegerhard01,912797PD3_20250425_20250428,Sell,25.00,4.3100,Limit,FAS,-1,
2025-04-25T07:01:23.991,SENT,DEALERWEB_REPO,aslegerhard01,912797PD3_20250425_20250428,Sell,25.00,4.3100,Limit,FAS,178,
2025-04-25T07:01:24.988,SEND,BTEC_REPO_US,EGEI,USP_91282CMT5_C_Par_0,Buy,50.00,4.3800,Limit,FAK,-1,
2025-04-25T07:01:24.988,SENT,BTEC_REPO_US,EGEI,USP_91282CMT5_C_Par_0,Buy,50.00,4.3800,Limit,FAK,179,
2025-04-25T07:01:24.988,SEND,DEALERWEB_REPO,aslegerhard01,91282CMT5_20250425_20250428,Sell,50.00,4.3500,Limit,FAS,-1,
2025-04-25T07:01:24.988,SENT,DEALERWEB_REPO,aslegerhard01,91282CMT5_20250425_20250428,Sell,50.00,4.3500,Limit,FAS,180,
2025-04-25T07:01:24.990,SEND,BTEC_REPO_US,EGEI,SP25_912797PD3_C_Par_0,Buy,25.00,4.3300,Limit,FAK,-1,
2025-04-25T07:01:24.991,SENT,BTEC_REPO_US,EGEI,SP25_912797PD3_C_Par_0,Buy,25.00,4.3300,Limit,FAK,181,
2025-04-25T07:01:24.991,SEND,DEALERWEB_REPO,aslegerhard01,912797PD3_20250425_20250428,Sell,25.00,4.3100,Limit,FAS,-1,
2025-04-25T07:01:24.991,SENT,DEALERWEB_REPO,aslegerhard01,912797PD3_20250425_20250428,Sell,25.00,4.3100,Limit,FAS,182,
2025-04-25T07:01:25.987,SEND,BTEC_REPO_US,EGEI,USP_91282CMT5_C_Par_0,Buy,50.00,4.3800,Limit,FAK,-1,
2025-04-25T07:01:25.988,SENT,BTEC_REPO_US,EGEI,USP_91282CMT5_C_Par_0,Buy,50.00,4.3800,Limit,FAK,183,
2025-04-25T07:01:25.989,SEND,DEALERWEB_REPO,aslegerhard01,91282CMT5_20250425_20250428,Sell,50.00,4.3500,Limit,FAS,-1,
2025-04-25T07:01:25.989,SENT,DEALERWEB_REPO,aslegerhard01,91282CMT5_20250425_20250428,Sell,50.00,4.3500,Limit,FAS,184,
2025-04-25T07:01:25.990,SEND,BTEC_REPO_US,EGEI,SP25_912797PD3_C_Par_0,Buy,25.00,4.3300,Limit,FAK,-1,
2025-04-25T07:01:25.991,SENT,BTEC_REPO_US,EGEI,SP25_912797PD3_C_Par_0,Buy,25.00,4.3300,Limit,FAK,185,
2025-04-25T07:01:25.991,SEND,DEALERWEB_REPO,aslegerhard01,912797PD3_20250425_20250428,Sell,25.00,4.3100,Limit,FAS,-1,
2025-04-25T07:01:25.991,SENT,DEALERWEB_REPO,aslegerhard01,912797PD3_20250425_20250428,Sell,25.00,4.3100,Limit,FAS,186,
2025-04-25T07:01:26.986,SEND,BTEC_REPO_US,EGEI,USP_91282CMT5_C_Par_0,Buy,50.00,4.3800,Limit,FAK,-1,
2025-04-25T07:01:26.988,SENT,BTEC_REPO_US,EGEI,USP_91282CMT5_C_Par_0,Buy,50.00,4.3800,Limit,FAK,187,
2025-04-25T07:01:26.988,SEND,DEALERWEB_REPO,aslegerhard01,91282CMT5_20250425_20250428,Sell,50.00,4.3500,Limit,FAS,-1,
2025-04-25T07:01:26.988,SENT,DEALERWEB_REPO,aslegerhard01,91282CMT5_20250425_20250428,Sell,50.00,4.3500,Limit,FAS,188,
2025-04-25T07:01:27.986,SEND,BTEC_REPO_US,EGEI,USP_91282CMT5_C_Par_0,Buy,50.00,4.3800,Limit,FAK,-1,
2025-04-25T07:01:27.986,SENT,BTEC_REPO_US,EGEI,USP_91282CMT5_C_Par_0,Buy,50.00,4.3800,Limit,FAK,189,
2025-04-25T07:01:27.986,SEND,DEALERWEB_REPO,aslegerhard01,91282CMT5_20250425_20250428,Sell,50.00,4.3500,Limit,FAS,-1,
2025-04-25T07:01:27.987,SENT,DEALERWEB_REPO,aslegerhard01,91282CMT5_20250425_20250428,Sell,50.00,4.3500,Limit,FAS,190,
2025-04-25T07:01:28.989,SEND,BTEC_REPO_US,EGEI,USP_91282CMT5_C_Par_0,Buy,50.00,4.3800,Limit,FAK,-1,
2025-04-25T07:01:28.989,SENT,BTEC_REPO_US,EGEI,USP_91282CMT5_C_Par_0,Buy,50.00,4.3800,Limit,FAK,191,
2025-04-25T07:01:28.989,SEND,DEALERWEB_REPO,aslegerhard01,91282CMT5_20250425_20250428,Sell,50.00,4.3500,Limit,FAS,-1,
2025-04-25T07:01:28.989,SENT,DEALERWEB_REPO,aslegerhard01,91282CMT5_20250425_20250428,Sell,50.00,4.3500,Limit,FAS,192,
2025-04-25T07:01:29.988,SEND,BTEC_REPO_US,EGEI,USP_91282CMT5_C_Par_0,Buy,50.00,4.3800,Limit,FAK,-1,
2025-04-25T07:01:29.988,SENT,BTEC_REPO_US,EGEI,USP_91282CMT5_C_Par_0,Buy,50.00,4.3800,Limit,FAK,193,
2025-04-25T07:01:29.988,SEND,DEALERWEB_REPO,aslegerhard01,91282CMT5_20250425_20250428,Sell,50.00,4.3500,Limit,FAS,-1,
2025-04-25T07:01:29.988,SENT,DEALERWEB_REPO,aslegerhard01,91282CMT5_20250425_20250428,Sell,50.00,4.3500,Limit,FAS,194,
2025-04-25T07:01:30.867,SEND,BTEC_REPO_US,EGEI,USP_91282CMT5_C_Par_0,Buy,50.00,4.3800,Limit,FAK,-1,
2025-04-25T07:01:30.867,SENT,BTEC_REPO_US,EGEI,USP_91282CMT5_C_Par_0,Buy,50.00,4.3800,Limit,FAK,195,
2025-04-25T07:01:30.867,SEND,DEALERWEB_REPO,aslegerhard01,91282CMT5_20250425_20250428,Sell,50.00,4.3500,Limit,FAS,-1,
2025-04-25T07:01:30.867,SENT,DEALERWEB_REPO,aslegerhard01,91282CMT5_20250425_20250428,Sell,50.00,4.3500,Limit,FAS,196,
2025-04-25T07:01:30.986,SEND,BTEC_REPO_US,EGEI,USP_91282CMT5_C_Par_0,Buy,50.00,4.3800,Limit,FAK,-1,
2025-04-25T07:01:30.986,SENT,BTEC_REPO_US,EGEI,USP_91282CMT5_C_Par_0,Buy,50.00,4.3800,Limit,FAK,197,
2025-04-25T07:01:30.987,SEND,DEALERWEB_REPO,aslegerhard01,91282CMT5_20250425_20250428,Sell,50.00,4.3500,Limit,FAS,-1,
2025-04-25T07:01:30.987,SENT,DEALERWEB_REPO,aslegerhard01,91282CMT5_20250425_20250428,Sell,50.00,4.3500,Limit,FAS,198,
2025-04-25T07:01:31.991,SEND,BTEC_REPO_US,EGEI,USP_91282CMT5_C_Par_0,Buy,50.00,4.3800,Limit,FAK,-1,
2025-04-25T07:01:31.991,SENT,BTEC_REPO_US,EGEI,USP_91282CMT5_C_Par_0,Buy,50.00,4.3800,Limit,FAK,199,
2025-04-25T07:01:31.993,SEND,DEALERWEB_REPO,aslegerhard01,91282CMT5_20250425_20250428,Sell,50.00,4.3500,Limit,FAS,-1,
2025-04-25T07:01:31.993,SENT,DEALERWEB_REPO,aslegerhard01,91282CMT5_20250425_20250428,Sell,50.00,4.3500,Limit,FAS,200,
2025-04-25T07:01:32.987,SEND,BTEC_REPO_US,EGEI,USP_91282CMT5_C_Par_0,Buy,50.00,4.3800,Limit,FAK,-1,
2025-04-25T07:01:32.987,SENT,BTEC_REPO_US,EGEI,USP_91282CMT5_C_Par_0,Buy,50.00,4.3800,Limit,FAK,201,
2025-04-25T07:01:32.987,SEND,DEALERWEB_REPO,aslegerhard01,91282CMT5_20250425_20250428,Sell,50.00,4.3500,Limit,FAS,-1,
2025-04-25T07:01:32.987,SENT,DEALERWEB_REPO,aslegerhard01,91282CMT5_20250425_20250428,Sell,50.00,4.3500,Limit,FAS,202,
2025-04-25T07:01:48.995,SEND,BTEC_REPO_US,EGEI,SP25_91282CMN8_C_Par_0,Buy,25.00,4.3800,Limit,FAK,-1,
2025-04-25T07:01:48.995,SENT,BTEC_REPO_US,EGEI,SP25_91282CMN8_C_Par_0,Buy,25.00,4.3800,Limit,FAK,203,
2025-04-25T07:01:48.995,SEND,DEALERWEB_REPO,aslegerhard01,91282CMN8_20250425_20250428,Sell,25.00,4.3600,Limit,FAS,-1,
2025-04-25T07:01:48.995,SENT,DEALERWEB_REPO,aslegerhard01,91282CMN8_20250425_20250428,Sell,25.00,4.3600,Limit,FAS,204,
2025-04-25T07:01:49.988,SEND,BTEC_REPO_US,EGEI,SP25_91282CMN8_C_Par_0,Buy,25.00,4.3800,Limit,FAK,-1,
2025-04-25T07:01:49.988,SENT,BTEC_REPO_US,EGEI,SP25_91282CMN8_C_Par_0,Buy,25.00,4.3800,Limit,FAK,205,
2025-04-25T07:01:49.988,SEND,DEALERWEB_REPO,aslegerhard01,91282CMN8_20250425_20250428,Sell,25.00,4.3600,Limit,FAS,-1,
2025-04-25T07:01:49.989,SENT,DEALERWEB_REPO,aslegerhard01,91282CMN8_20250425_20250428,Sell,25.00,4.3600,Limit,FAS,206,
2025-04-25T07:02:13.940,SEND,BTEC_REPO_US,EGEI,SP25_91282CGZ8_C_Par_0,Buy,25.00,4.3900,Limit,FAK,-1,
2025-04-25T07:02:13.940,SENT,BTEC_REPO_US,EGEI,SP25_91282CGZ8_C_Par_0,Buy,25.00,4.3900,Limit,FAK,207,
2025-04-25T07:02:13.940,SEND,DEALERWEB_REPO,aslegerhard01,91282CGZ8_20250425_20250428,Sell,25.00,4.3700,Limit,FAS,-1,
2025-04-25T07:02:13.940,SENT,DEALERWEB_REPO,aslegerhard01,91282CGZ8_20250425_20250428,Sell,25.00,4.3700,Limit,FAS,208,
2025-04-25T07:02:45.260,SEND,BTEC_REPO_US,EGEI,SP25_91282CLU3_C_Par_0,Buy,25.00,4.3700,Limit,FAK,-1,
2025-04-25T07:02:45.261,SENT,BTEC_REPO_US,EGEI,SP25_91282CLU3_C_Par_0,Buy,25.00,4.3700,Limit,FAK,209,
2025-04-25T07:02:45.261,SEND,DEALERWEB_REPO,aslegerhard01,91282CLU3_20250425_20250428,Sell,25.00,4.3500,Limit,FAS,-1,
2025-04-25T07:02:45.261,SENT,DEALERWEB_REPO,aslegerhard01,91282CLU3_20250425_20250428,Sell,25.00,4.3500,Limit,FAS,210,
2025-04-25T07:02:54.006,SEND,BTEC_REPO_US,EGEI,USP_91282CMT5_C_Par_0,Buy,50.00,4.3900,Limit,FAK,-1,
2025-04-25T07:02:54.006,SENT,BTEC_REPO_US,EGEI,USP_91282CMT5_C_Par_0,Buy,50.00,4.3900,Limit,FAK,211,
2025-04-25T07:02:54.006,SEND,DEALERWEB_REPO,aslegerhard01,91282CMT5_20250425_20250428,Sell,50.00,4.3700,Limit,FAS,-1,
2025-04-25T07:02:54.006,SENT,DEALERWEB_REPO,aslegerhard01,91282CMT5_20250425_20250428,Sell,50.00,4.3700,Limit,FAS,212,
2025-04-25T07:02:54.987,SEND,BTEC_REPO_US,EGEI,USP_91282CMT5_C_Par_0,Buy,50.00,4.3900,Limit,FAK,-1,
2025-04-25T07:02:54.987,SENT,BTEC_REPO_US,EGEI,USP_91282CMT5_C_Par_0,Buy,50.00,4.3900,Limit,FAK,213,
2025-04-25T07:02:54.987,SEND,DEALERWEB_REPO,aslegerhard01,91282CMT5_20250425_20250428,Sell,50.00,4.3700,Limit,FAS,-1,
2025-04-25T07:02:54.987,SENT,DEALERWEB_REPO,aslegerhard01,91282CMT5_20250425_20250428,Sell,50.00,4.3700,Limit,FAS,214,
2025-04-25T07:02:55.988,SEND,BTEC_REPO_US,EGEI,USP_91282CMT5_C_Par_0,Buy,50.00,4.3900,Limit,FAK,-1,
2025-04-25T07:02:55.988,SENT,BTEC_REPO_US,EGEI,USP_91282CMT5_C_Par_0,Buy,50.00,4.3900,Limit,FAK,215,
2025-04-25T07:02:55.988,SEND,DEALERWEB_REPO,aslegerhard01,91282CMT5_20250425_20250428,Sell,50.00,4.3700,Limit,FAS,-1,
2025-04-25T07:02:55.988,SENT,DEALERWEB_REPO,aslegerhard01,91282CMT5_20250425_20250428,Sell,50.00,4.3700,Limit,FAS,216,
2025-04-25T07:02:56.987,SEND,BTEC_REPO_US,EGEI,USP_91282CMT5_C_Par_0,Buy,50.00,4.3900,Limit,FAK,-1,
2025-04-25T07:02:56.987,SENT,BTEC_REPO_US,EGEI,USP_91282CMT5_C_Par_0,Buy,50.00,4.3900,Limit,FAK,217,
2025-04-25T07:02:56.987,SEND,DEALERWEB_REPO,aslegerhard01,91282CMT5_20250425_20250428,Sell,50.00,4.3700,Limit,FAS,-1,
2025-04-25T07:02:56.987,SENT,DEALERWEB_REPO,aslegerhard01,91282CMT5_20250425_20250428,Sell,50.00,4.3700,Limit,FAS,218,
2025-04-25T07:02:57.988,SEND,BTEC_REPO_US,EGEI,USP_91282CMT5_C_Par_0,Buy,50.00,4.3900,Limit,FAK,-1,
2025-04-25T07:02:57.988,SENT,BTEC_REPO_US,EGEI,USP_91282CMT5_C_Par_0,Buy,50.00,4.3900,Limit,FAK,219,
2025-04-25T07:02:57.989,SEND,DEALERWEB_REPO,aslegerhard01,91282CMT5_20250425_20250428,Sell,50.00,4.3700,Limit,FAS,-1,
2025-04-25T07:02:57.989,SENT,DEALERWEB_REPO,aslegerhard01,91282CMT5_20250425_20250428,Sell,50.00,4.3700,Limit,FAS,220,
2025-04-25T07:02:58.987,SEND,BTEC_REPO_US,EGEI,USP_91282CMT5_C_Par_0,Buy,50.00,4.3900,Limit,FAK,-1,
2025-04-25T07:02:58.987,SENT,BTEC_REPO_US,EGEI,USP_91282CMT5_C_Par_0,Buy,50.00,4.3900,Limit,FAK,221,
2025-04-25T07:02:58.987,SEND,DEALERWEB_REPO,aslegerhard01,91282CMT5_20250425_20250428,Sell,50.00,4.3700,Limit,FAS,-1,
2025-04-25T07:02:58.987,SENT,DEALERWEB_REPO,aslegerhard01,91282CMT5_20250425_20250428,Sell,50.00,4.3700,Limit,FAS,222,
2025-04-25T07:02:59.987,SEND,BTEC_REPO_US,EGEI,USP_91282CMT5_C_Par_0,Buy,50.00,4.3900,Limit,FAK,-1,
2025-04-25T07:02:59.987,SENT,BTEC_REPO_US,EGEI,USP_91282CMT5_C_Par_0,Buy,50.00,4.3900,Limit,FAK,223,
2025-04-25T07:02:59.987,SEND,DEALERWEB_REPO,aslegerhard01,91282CMT5_20250425_20250428,Sell,50.00,4.3700,Limit,FAS,-1,
2025-04-25T07:02:59.987,SENT,DEALERWEB_REPO,aslegerhard01,91282CMT5_20250425_20250428,Sell,50.00,4.3700,Limit,FAS,224,
2025-04-25T07:03:00.987,SEND,BTEC_REPO_US,EGEI,USP_91282CMT5_C_Par_0,Buy,50.00,4.3900,Limit,FAK,-1,
2025-04-25T07:03:00.987,SENT,BTEC_REPO_US,EGEI,USP_91282CMT5_C_Par_0,Buy,50.00,4.3900,Limit,FAK,225,
2025-04-25T07:03:00.987,SEND,DEALERWEB_REPO,aslegerhard01,91282CMT5_20250425_20250428,Sell,50.00,4.3700,Limit,FAS,-1,
2025-04-25T07:03:00.987,SENT,DEALERWEB_REPO,aslegerhard01,91282CMT5_20250425_20250428,Sell,50.00,4.3700,Limit,FAS,226,
2025-04-25T07:03:01.988,SEND,BTEC_REPO_US,EGEI,USP_91282CMT5_C_Par_0,Buy,50.00,4.3900,Limit,FAK,-1,
2025-04-25T07:03:01.988,SENT,BTEC_REPO_US,EGEI,USP_91282CMT5_C_Par_0,Buy,50.00,4.3900,Limit,FAK,227,
2025-04-25T07:03:01.989,SEND,DEALERWEB_REPO,aslegerhard01,91282CMT5_20250425_20250428,Sell,50.00,4.3700,Limit,FAS,-1,
2025-04-25T07:03:01.989,SENT,DEALERWEB_REPO,aslegerhard01,91282CMT5_20250425_20250428,Sell,50.00,4.3700,Limit,FAS,228,
2025-04-25T07:03:02.680,SEND,BTEC_REPO_US,EGEI,USP_91282CMT5_C_Par_0,Buy,50.00,4.3900,Limit,FAK,-1,
2025-04-25T07:03:02.680,SENT,BTEC_REPO_US,EGEI,USP_91282CMT5_C_Par_0,Buy,50.00,4.3900,Limit,FAK,229,
2025-04-25T07:03:02.680,SEND,DEALERWEB_REPO,aslegerhard01,91282CMT5_20250425_20250428,Sell,50.00,4.3700,Limit,FAS,-1,
2025-04-25T07:03:02.680,SENT,DEALERWEB_REPO,aslegerhard01,91282CMT5_20250425_20250428,Sell,50.00,4.3700,Limit,FAS,230,
2025-04-25T07:03:02.988,SEND,BTEC_REPO_US,EGEI,USP_91282CMT5_C_Par_0,Buy,50.00,4.3900,Limit,FAK,-1,
2025-04-25T07:03:02.988,SENT,BTEC_REPO_US,EGEI,USP_91282CMT5_C_Par_0,Buy,50.00,4.3900,Limit,FAK,231,
2025-04-25T07:03:02.988,SEND,DEALERWEB_REPO,aslegerhard01,91282CMT5_20250425_20250428,Sell,50.00,4.3700,Limit,FAS,-1,
2025-04-25T07:03:02.988,SENT,DEALERWEB_REPO,aslegerhard01,91282CMT5_20250425_20250428,Sell,50.00,4.3700,Limit,FAS,232,
2025-04-25T07:10:10.753,SEND,BTEC_REPO_US,EGEI,SP25_912828Y79_C_Par_0,Buy,25.00,4.3500,Limit,FAK,-1,
2025-04-25T07:10:10.754,SENT,BTEC_REPO_US,EGEI,SP25_912828Y79_C_Par_0,Buy,25.00,4.3500,Limit,FAK,233,
2025-04-25T07:10:10.754,SEND,DEALERWEB_REPO,aslegerhard01,912828Y79_20250425_20250428,Sell,25.00,4.3300,Limit,FAS,-1,
2025-04-25T07:10:10.754,SENT,DEALERWEB_REPO,aslegerhard01,912828Y79_20250425_20250428,Sell,25.00,4.3300,Limit,FAS,234,
2025-04-25T07:15:05.432,SEND,BTEC_REPO_US,EGEI,SP25_912797QH3_C_Par_0,Buy,25.00,4.3800,Limit,FAK,-1,
2025-04-25T07:15:05.432,SENT,BTEC_REPO_US,EGEI,SP25_912797QH3_C_Par_0,Buy,25.00,4.3800,Limit,FAK,235,
2025-04-25T07:15:05.432,SEND,BTEC_REPO_US,EGEI,SP25_912797QH3_C_Par_0_AON,Sell,10.00,4.3600,Limit,FOK,-1,
2025-04-25T07:15:05.432,SENT,BTEC_REPO_US,EGEI,SP25_912797QH3_C_Par_0_AON,Sell,10.00,4.3600,Limit,FOK,236,
2025-04-25T07:24:44.502,SEND,BTEC_REPO_US,EGEI,SP25_91282CGB1_C_Par_0_AON,Buy,165.00,4.3500,Limit,FOK,-1,
2025-04-25T07:24:44.503,SENT,BTEC_REPO_US,EGEI,SP25_91282CGB1_C_Par_0_AON,Buy,165.00,4.3500,Limit,FOK,237,
2025-04-25T07:24:44.503,SEND,BTEC_REPO_US,EGEI,SP25_91282CGB1_C_Par_0,Sell,25.00,4.3300,Limit,FAK,-1,
2025-04-25T07:24:44.503,SENT,BTEC_REPO_US,EGEI,SP25_91282CGB1_C_Par_0,Sell,25.00,4.3300,Limit,FAK,238,
2025-04-25T07:26:15.039,SEND,BTEC_REPO_US,EGEI,USP_91282CMU2_C_Par_0,Buy,50.00,4.2600,Limit,FAK,-1,
2025-04-25T07:26:15.039,SENT,BTEC_REPO_US,EGEI,USP_91282CMU2_C_Par_0,Buy,50.00,4.2600,Limit,FAK,239,
2025-04-25T07:26:15.039,SEND,BTEC_REPO_US,EGEI,USP_91282CMU2_C_Par_0_AON,Sell,33.00,4.1300,Limit,FOK,-1,
2025-04-25T07:26:15.039,SENT,BTEC_REPO_US,EGEI,USP_91282CMU2_C_Par_0_AON,Sell,33.00,4.1300,Limit,FOK,240,
2025-04-25T08:00:54.058,SEND,BTEC_REPO_US,EGEI,SP25_91282CJV4_C_Par_0,Buy,25.00,4.3900,Limit,FAK,-1,
2025-04-25T08:00:54.059,SENT,BTEC_REPO_US,EGEI,SP25_91282CJV4_C_Par_0,Buy,25.00,4.3900,Limit,FAK,241,
2025-04-25T08:00:54.059,SEND,DEALERWEB_REPO,aslegerhard01,91282CJV4_20250425_20250428,Sell,25.00,4.3700,Limit,FAS,-1,
2025-04-25T08:00:54.059,SENT,DEALERWEB_REPO,aslegerhard01,91282CJV4_20250425_20250428,Sell,25.00,4.3700,Limit,FAS,242,
2025-04-25T08:03:10.113,SEND,BTEC_REPO_US,EGEI,SP25_912828Z37_C_Par_0_AON,Buy,40.00,4.3400,Limit,FOK,-1,
2025-04-25T08:03:10.114,SENT,BTEC_REPO_US,EGEI,SP25_912828Z37_C_Par_0_AON,Buy,40.00,4.3400,Limit,FOK,243,
2025-04-25T08:03:10.114,SEND,BTEC_REPO_US,EGEI,SP25_912828Z37_C_Par_0,Sell,25.00,4.3000,Limit,FAK,-1,
2025-04-25T08:03:10.114,SENT,BTEC_REPO_US,EGEI,SP25_912828Z37_C_Par_0,Sell,25.00,4.3000,Limit,FAK,244,
2025-04-25T08:49:43.989,SEND,DEALERWEB_REPO,aslegerhard01,91282CHN4_20250428_20250429,Buy,25.00,4.3600,Limit,FAS,-1,
2025-04-25T08:49:43.989,SENT,DEALERWEB_REPO,aslegerhard01,91282CHN4_20250428_20250429,Buy,25.00,4.3600,Limit,FAS,245,
2025-04-25T08:49:43.989,SEND,BTEC_REPO_US,EGEI,SP25_91282CHN4_REG_Par_0,Sell,25.00,4.3000,Limit,FAK,-1,
2025-04-25T08:49:43.989,SENT,BTEC_REPO_US,EGEI,SP25_91282CHN4_REG_Par_0,Sell,25.00,4.3000,Limit,FAK,246,
2025-04-25T09:15:37.791,SEND,BTEC_REPO_US,EGEI,USP_91282CMU2_C_Par_0,Buy,50.00,4.3000,Limit,FAK,-1,
2025-04-25T09:15:37.791,SENT,BTEC_REPO_US,EGEI,USP_91282CMU2_C_Par_0,Buy,50.00,4.3000,Limit,FAK,247,
2025-04-25T09:15:37.791,SEND,DEALERWEB_REPO,aslegerhard01,91282CMU2_20250425_20250428_AON,Sell,10.00,4.2500,Limit,FAS,-1,
2025-04-25T09:15:37.791,SENT,DEALERWEB_REPO,aslegerhard01,91282CMU2_20250425_20250428_AON,Sell,10.00,4.2500,Limit,FAS,248,
2025-04-25T09:16:10.188,SEND,BTEC_REPO_US,EGEI,USP_912810UJ5_C_Par_0_AON,Buy,25.00,4.3300,Limit,FOK,-1,
2025-04-25T09:16:10.188,SENT,BTEC_REPO_US,EGEI,USP_912810UJ5_C_Par_0_AON,Buy,25.00,4.3300,Limit,FOK,249,
2025-04-25T09:16:10.189,SEND,DEALERWEB_REPO,aslegerhard01,912810UJ5_20250425_20250428_AON,Sell,5.00,4.3100,Limit,FAS,-1,
2025-04-25T09:16:10.189,SENT,DEALERWEB_REPO,aslegerhard01,912810UJ5_20250425_20250428_AON,Sell,5.00,4.3100,Limit,FAS,250,
2025-04-25T09:20:36.042,SEND,BTEC_REPO_US,EGEI,USP_91282CMU2_C_Par_0,Buy,50.00,4.3300,Limit,FAK,-1,
2025-04-25T09:20:36.042,SENT,BTEC_REPO_US,EGEI,USP_91282CMU2_C_Par_0,Buy,50.00,4.3300,Limit,FAK,251,
2025-04-25T09:20:36.042,SEND,BTEC_REPO_US,EGEI,USP_91282CMU2_C_Par_0_AON,Sell,33.00,4.3000,Limit,FOK,-1,
2025-04-25T09:20:36.043,SENT,BTEC_REPO_US,EGEI,USP_91282CMU2_C_Par_0_AON,Sell,33.00,4.3000,Limit,FOK,252,
2025-04-25T09:35:43.909,SEND,BTEC_REPO_US,EGEI,SP25_912810QZ4_C_Par_0,Buy,25.00,4.2900,Limit,FAK,-1,
2025-04-25T09:35:43.909,SENT,BTEC_REPO_US,EGEI,SP25_912810QZ4_C_Par_0,Buy,25.00,4.2900,Limit,FAK,253,
2025-04-25T09:35:43.909,SEND,DEALERWEB_REPO,aslegerhard01,912810QZ4_20250425_20250428_AON,Sell,5.00,4.2500,Limit,FAS,-1,
2025-04-25T09:35:43.910,SENT,DEALERWEB_REPO,aslegerhard01,912810QZ4_20250425_20250428_AON,Sell,5.00,4.2500,Limit,FAS,254,
2025-04-25T09:52:23.665,SEND,DEALERWEB_REPO,aslegerhard01,9128285N6_20250428_20250429,Buy,25.00,4.2800,Limit,FAS,-1,
2025-04-25T09:52:23.665,SENT,DEALERWEB_REPO,aslegerhard01,9128285N6_20250428_20250429,Buy,25.00,4.2800,Limit,FAS,255,
2025-04-25T09:52:23.665,SEND,DEALERWEB_REPO,aslegerhard01,9128285N6_20250428_20250429_AON,Sell,5.00,4.2100,Limit,FAS,-1,
2025-04-25T09:52:23.666,SENT,DEALERWEB_REPO,aslegerhard01,9128285N6_20250428_20250429_AON,Sell,5.00,4.2100,Limit,FAS,256,
2025-04-25T10:00:06.599,SEND,BTEC_REPO_US,EGEI,SP25_912797MG9_C_Par_0,Buy,25.00,4.2700,Limit,FAK,-1,
2025-04-25T10:00:06.599,SENT,BTEC_REPO_US,EGEI,SP25_912797MG9_C_Par_0,Buy,25.00,4.2700,Limit,FAK,257,
2025-04-25T10:00:06.599,SEND,BTEC_REPO_US,EGEI,SP25_912797MG9_C_Par_0_AON,Sell,5.00,4.2500,Limit,FOK,-1,
2025-04-25T10:00:06.599,SENT,BTEC_REPO_US,EGEI,SP25_912797MG9_C_Par_0_AON,Sell,5.00,4.2500,Limit,FOK,258,
2025-04-25T10:00:06.641,SEND,BTEC_REPO_US,EGEI,SP25_912797QJ9_C_Par_0,Buy,25.00,4.3600,Limit,FAK,-1,
2025-04-25T10:00:06.641,SENT,BTEC_REPO_US,EGEI,SP25_912797QJ9_C_Par_0,Buy,25.00,4.3600,Limit,FAK,259,
2025-04-25T10:00:06.641,SEND,BTEC_REPO_US,EGEI,SP25_912797QJ9_C_Par_0_AON,Sell,5.00,4.2700,Limit,FOK,-1,
2025-04-25T10:00:06.642,SENT,BTEC_REPO_US,EGEI,SP25_912797QJ9_C_Par_0_AON,Sell,5.00,4.2700,Limit,FOK,260,
2025-04-25T10:00:06.680,SEND,DEALERWEB_REPO,aslegerhard01,912797QJ9_20250425_20250428,Buy,25.00,4.3500,Limit,FAS,-1,
2025-04-25T10:00:06.680,SENT,DEALERWEB_REPO,aslegerhard01,912797QJ9_20250425_20250428,Buy,25.00,4.3500,Limit,FAS,261,
2025-04-25T10:00:06.680,SEND,BTEC_REPO_US,EGEI,SP25_912797QJ9_C_Par_0_AON,Sell,5.00,4.2700,Limit,FOK,-1,
2025-04-25T10:00:06.681,SENT,BTEC_REPO_US,EGEI,SP25_912797QJ9_C_Par_0_AON,Sell,5.00,4.2700,Limit,FOK,262,
2025-04-25T10:00:07.921,SEND,BTEC_REPO_US,EGEI,SP25_91282CCA7_C_Par_0,Buy,25.00,4.3500,Limit,FAK,-1,
2025-04-25T10:00:07.921,SENT,BTEC_REPO_US,EGEI,SP25_91282CCA7_C_Par_0,Buy,25.00,4.3500,Limit,FAK,263,
2025-04-25T10:00:07.922,SEND,BTEC_REPO_US,EGEI,SP25_91282CCA7_C_Par_0_AON,Sell,5.00,4.3300,Limit,FOK,-1,
2025-04-25T10:00:07.922,SENT,BTEC_REPO_US,EGEI,SP25_91282CCA7_C_Par_0_AON,Sell,5.00,4.3300,Limit,FOK,264,
2025-04-25T10:00:40.996,SEND,BTEC_REPO_US,EGEI,SP25_91282CFV8_C_Par_0_AON,Buy,6.00,4.3600,Limit,FOK,-1,
2025-04-25T10:00:40.997,SENT,BTEC_REPO_US,EGEI,SP25_91282CFV8_C_Par_0_AON,Buy,6.00,4.3600,Limit,FOK,265,
2025-04-25T10:00:40.997,SEND,BTEC_REPO_US,EGEI,SP25_91282CFV8_C_Par_0_AON,Sell,5.00,4.3400,Limit,FOK,-1,
2025-04-25T10:00:40.997,SENT,BTEC_REPO_US,EGEI,SP25_91282CFV8_C_Par_0_AON,Sell,5.00,4.3400,Limit,FOK,266,
2025-04-25T10:00:41.931,SEND,BTEC_REPO_US,EGEI,USP_91282CMP3_C_Par_0_AON,Buy,18.00,4.3700,Limit,FOK,-1,
2025-04-25T10:00:41.932,SENT,BTEC_REPO_US,EGEI,USP_91282CMP3_C_Par_0_AON,Buy,18.00,4.3700,Limit,FOK,267,
2025-04-25T10:00:41.932,SEND,BTEC_REPO_US,EGEI,USP_91282CMP3_C_Par_0_AON,Sell,13.00,4.3400,Limit,FOK,-1,
2025-04-25T10:00:41.932,SENT,BTEC_REPO_US,EGEI,USP_91282CMP3_C_Par_0_AON,Sell,13.00,4.3400,Limit,FOK,268,
2025-04-25T10:01:07.677,SEND,BTEC_REPO_US,EGEI,USP_912810UJ5_C_Par_0,Buy,50.00,4.3000,Limit,FAK,-1,
2025-04-25T10:01:07.677,SENT,BTEC_REPO_US,EGEI,USP_912810UJ5_C_Par_0,Buy,50.00,4.3000,Limit,FAK,269,
2025-04-25T10:01:07.678,SEND,BTEC_REPO_US,EGEI,USP_912810UJ5_C_Par_0_AON,Sell,18.00,4.2400,Limit,FOK,-1,
2025-04-25T10:01:07.678,SENT,BTEC_REPO_US,EGEI,USP_912810UJ5_C_Par_0_AON,Sell,18.00,4.2400,Limit,FOK,270,
2025-04-25T10:01:37.358,SEND,BTEC_REPO_US,EGEI,USP_91282CMU2_C_Par_0_AON,Buy,25.00,4.2700,Limit,FOK,-1,
2025-04-25T10:01:37.359,SENT,BTEC_REPO_US,EGEI,USP_91282CMU2_C_Par_0_AON,Buy,25.00,4.2700,Limit,FOK,271,
2025-04-25T10:01:37.359,SEND,BTEC_REPO_US,EGEI,USP_91282CMU2_C_Par_0_AON,Sell,10.00,4.2500,Limit,FOK,-1,
2025-04-25T10:01:37.359,SENT,BTEC_REPO_US,EGEI,USP_91282CMU2_C_Par_0_AON,Sell,10.00,4.2500,Limit,FOK,272,
2025-04-25T10:01:54.169,SEND,BTEC_REPO_US,EGEI,SP25_912797LN5_C_Par_0,Buy,25.00,4.3200,Limit,FAK,-1,
2025-04-25T10:01:54.170,SENT,BTEC_REPO_US,EGEI,SP25_912797LN5_C_Par_0,Buy,25.00,4.3200,Limit,FAK,273,
2025-04-25T10:01:54.171,SEND,BTEC_REPO_US,EGEI,SP25_912797LN5_C_Par_0_AON,Sell,7.00,4.2900,Limit,FOK,-1,
2025-04-25T10:01:54.171,SENT,BTEC_REPO_US,EGEI,SP25_912797LN5_C_Par_0_AON,Sell,7.00,4.2900,Limit,FOK,274,
2025-04-25T10:01:54.172,SEND,BTEC_REPO_US,EGEI,SP25_912797PU5_C_Par_0,Buy,25.00,4.2200,Limit,FAK,-1,
2025-04-25T10:01:54.172,SENT,BTEC_REPO_US,EGEI,SP25_912797PU5_C_Par_0,Buy,25.00,4.2200,Limit,FAK,275,
2025-04-25T10:01:54.172,SEND,BTEC_REPO_US,EGEI,SP25_912797PU5_C_Par_0_AON,Sell,5.00,4.1600,Limit,FOK,-1,
2025-04-25T10:01:54.172,SENT,BTEC_REPO_US,EGEI,SP25_912797PU5_C_Par_0_AON,Sell,5.00,4.1600,Limit,FOK,276,
2025-04-25T10:01:54.228,SEND,BTEC_REPO_US,EGEI,SP25_912797PU5_C_Par_0,Buy,25.00,4.2200,Limit,FAK,-1,
2025-04-25T10:01:54.228,SENT,BTEC_REPO_US,EGEI,SP25_912797PU5_C_Par_0,Buy,25.00,4.2200,Limit,FAK,277,
2025-04-25T10:01:54.228,SEND,BTEC_REPO_US,EGEI,SP25_912797PU5_C_Par_0_AON,Sell,5.00,4.1600,Limit,FOK,-1,
2025-04-25T10:01:54.228,SENT,BTEC_REPO_US,EGEI,SP25_912797PU5_C_Par_0_AON,Sell,5.00,4.1600,Limit,FOK,278,
2025-04-25T10:01:54.322,SEND,BTEC_REPO_US,EGEI,SP25_9128285N6_C_Par_0,Buy,25.00,4.2300,Limit,FAK,-1,
2025-04-25T10:01:54.322,SENT,BTEC_REPO_US,EGEI,SP25_9128285N6_C_Par_0,Buy,25.00,4.2300,Limit,FAK,279,
2025-04-25T10:01:54.322,SEND,BTEC_REPO_US,EGEI,SP25_9128285N6_C_Par_0_AON,Sell,7.00,4.1900,Limit,FOK,-1,
2025-04-25T10:01:54.322,SENT,BTEC_REPO_US,EGEI,SP25_9128285N6_C_Par_0_AON,Sell,7.00,4.1900,Limit,FOK,280,
2025-04-25T10:02:30.155,SEND,BTEC_REPO_US,EGEI,SP25_912797NX1_C_Par_0,Buy,25.00,4.3200,Limit,FAK,-1,
2025-04-25T10:02:30.155,SENT,BTEC_REPO_US,EGEI,SP25_912797NX1_C_Par_0,Buy,25.00,4.3200,Limit,FAK,281,
2025-04-25T10:02:30.155,SEND,BTEC_REPO_US,EGEI,SP25_912797NX1_C_Par_0_AON,Sell,5.00,4.3000,Limit,FOK,-1,
2025-04-25T10:02:30.155,SENT,BTEC_REPO_US,EGEI,SP25_912797NX1_C_Par_0_AON,Sell,5.00,4.3000,Limit,FOK,282,
2025-04-25T10:02:53.494,SEND,BTEC_REPO_US,EGEI,SP25_91282CKH3_C_Par_0,Buy,25.00,4.3300,Limit,FAK,-1,
2025-04-25T10:02:53.495,SENT,BTEC_REPO_US,EGEI,SP25_91282CKH3_C_Par_0,Buy,25.00,4.3300,Limit,FAK,283,
2025-04-25T10:02:53.495,SEND,BTEC_REPO_US,EGEI,SP25_91282CKH3_C_Par_0_AON,Sell,5.00,4.3100,Limit,FOK,-1,
2025-04-25T10:02:53.495,SENT,BTEC_REPO_US,EGEI,SP25_91282CKH3_C_Par_0_AON,Sell,5.00,4.3100,Limit,FOK,284,
2025-04-25T10:03:16.020,SEND,BTEC_REPO_US,EGEI,SP25_9128285J5_C_Par_0_AON,Buy,15.00,4.2900,Limit,FOK,-1,
2025-04-25T10:03:16.021,SENT,BTEC_REPO_US,EGEI,SP25_9128285J5_C_Par_0_AON,Buy,15.00,4.2900,Limit,FOK,285,
2025-04-25T10:03:16.021,SEND,BTEC_REPO_US,EGEI,SP25_9128285J5_C_Par_0_AON,Sell,7.00,4.2700,Limit,FOK,-1,
2025-04-25T10:03:16.021,SENT,BTEC_REPO_US,EGEI,SP25_9128285J5_C_Par_0_AON,Sell,7.00,4.2700,Limit,FOK,286,
2025-04-25T10:03:33.163,SEND,BTEC_REPO_US,EGEI,SP25_912797MG9_C_Par_0_AON,Buy,20.00,4.3200,Limit,FOK,-1,
2025-04-25T10:03:33.163,SENT,BTEC_REPO_US,EGEI,SP25_912797MG9_C_Par_0_AON,Buy,20.00,4.3200,Limit,FOK,287,
2025-04-25T10:03:33.163,SEND,BTEC_REPO_US,EGEI,SP25_912797MG9_C_Par_0_AON,Sell,14.00,4.3000,Limit,FOK,-1,
2025-04-25T10:03:33.163,SENT,BTEC_REPO_US,EGEI,SP25_912797MG9_C_Par_0_AON,Sell,14.00,4.3000,Limit,FOK,288,
2025-04-25T10:04:08.759,SEND,BTEC_REPO_US,EGEI,SP25_912797NE3_C_Par_0,Buy,25.00,4.3200,Limit,FAK,-1,
2025-04-25T10:04:08.759,SENT,BTEC_REPO_US,EGEI,SP25_912797NE3_C_Par_0,Buy,25.00,4.3200,Limit,FAK,289,
2025-04-25T10:04:08.759,SEND,BTEC_REPO_US,EGEI,SP25_912797NE3_C_Par_0_AON,Sell,5.00,4.3000,Limit,FOK,-1,
2025-04-25T10:04:08.760,SENT,BTEC_REPO_US,EGEI,SP25_912797NE3_C_Par_0_AON,Sell,5.00,4.3000,Limit,FOK,290,
2025-04-25T10:04:08.791,SEND,BTEC_REPO_US,EGEI,SP25_912797NP8_C_Par_0,Buy,25.00,4.3500,Limit,FAK,-1,
2025-04-25T10:04:08.791,SENT,BTEC_REPO_US,EGEI,SP25_912797NP8_C_Par_0,Buy,25.00,4.3500,Limit,FAK,291,
2025-04-25T10:04:08.791,SEND,BTEC_REPO_US,EGEI,SP25_912797NP8_C_Par_0_AON,Sell,5.00,4.3000,Limit,FOK,-1,
2025-04-25T10:04:08.791,SENT,BTEC_REPO_US,EGEI,SP25_912797NP8_C_Par_0_AON,Sell,5.00,4.3000,Limit,FOK,292,
2025-04-25T10:04:08.793,SEND,BTEC_REPO_US,EGEI,SP25_912797LN5_C_Par_0,Buy,25.00,4.3200,Limit,FAK,-1,
2025-04-25T10:04:08.793,SENT,BTEC_REPO_US,EGEI,SP25_912797LN5_C_Par_0,Buy,25.00,4.3200,Limit,FAK,293,
2025-04-25T10:04:08.793,SEND,BTEC_REPO_US,EGEI,SP25_912797LN5_C_Par_0_AON,Sell,5.00,4.3000,Limit,FOK,-1,
2025-04-25T10:04:08.793,SENT,BTEC_REPO_US,EGEI,SP25_912797LN5_C_Par_0_AON,Sell,5.00,4.3000,Limit,FOK,294,
2025-04-25T10:04:08.794,SEND,BTEC_REPO_US,EGEI,SP25_912797QK6_C_Par_0,Buy,25.00,4.3300,Limit,FAK,-1,
2025-04-25T10:04:08.794,SENT,BTEC_REPO_US,EGEI,SP25_912797QK6_C_Par_0,Buy,25.00,4.3300,Limit,FAK,295,
2025-04-25T10:04:08.794,SEND,BTEC_REPO_US,EGEI,SP25_912797QK6_C_Par_0_AON,Sell,5.00,4.3000,Limit,FOK,-1,
2025-04-25T10:04:08.794,SENT,BTEC_REPO_US,EGEI,SP25_912797QK6_C_Par_0_AON,Sell,5.00,4.3000,Limit,FOK,296,
2025-04-25T10:04:08.834,SEND,BTEC_REPO_US,EGEI,SP25_91282CKK6_C_Par_0_AON,Buy,9.00,4.3500,Limit,FOK,-1,
2025-04-25T10:04:08.835,SENT,BTEC_REPO_US,EGEI,SP25_91282CKK6_C_Par_0_AON,Buy,9.00,4.3500,Limit,FOK,297,
2025-04-25T10:04:08.835,SEND,BTEC_REPO_US,EGEI,SP25_91282CKK6_C_Par_0_AON,Sell,5.00,4.3000,Limit,FOK,-1,
2025-04-25T10:04:08.835,SENT,BTEC_REPO_US,EGEI,SP25_91282CKK6_C_Par_0_AON,Sell,5.00,4.3000,Limit,FOK,298,
2025-04-25T10:04:08.836,SEND,BTEC_REPO_US,EGEI,SP25_91282CLB5_C_Par_0_AON,Buy,17.00,4.3500,Limit,FOK,-1,
2025-04-25T10:04:08.836,SENT,BTEC_REPO_US,EGEI,SP25_91282CLB5_C_Par_0_AON,Buy,17.00,4.3500,Limit,FOK,299,
2025-04-25T10:04:08.837,SEND,BTEC_REPO_US,EGEI,SP25_91282CLB5_C_Par_0_AON,Sell,5.00,4.3000,Limit,FOK,-1,
2025-04-25T10:04:08.837,SENT,BTEC_REPO_US,EGEI,SP25_91282CLB5_C_Par_0_AON,Sell,5.00,4.3000,Limit,FOK,300,
2025-04-25T10:04:08.838,SEND,BTEC_REPO_US,EGEI,SP25_9128282A7_C_Par_0_AON,Buy,14.00,4.3300,Limit,FOK,-1,
2025-04-25T10:04:08.838,SENT,BTEC_REPO_US,EGEI,SP25_9128282A7_C_Par_0_AON,Buy,14.00,4.3300,Limit,FOK,301,
2025-04-25T10:04:08.838,SEND,BTEC_REPO_US,EGEI,SP25_9128282A7_C_Par_0_AON,Sell,5.00,4.3000,Limit,FOK,-1,
2025-04-25T10:04:08.839,SENT,BTEC_REPO_US,EGEI,SP25_9128282A7_C_Par_0_AON,Sell,5.00,4.3000,Limit,FOK,302,
2025-04-25T10:04:08.839,SEND,BTEC_REPO_US,EGEI,SP25_91282CEC1_C_Par_0_AON,Buy,7.00,4.3500,Limit,FOK,-1,
2025-04-25T10:04:08.840,SENT,BTEC_REPO_US,EGEI,SP25_91282CEC1_C_Par_0_AON,Buy,7.00,4.3500,Limit,FOK,303,
2025-04-25T10:04:08.840,SEND,BTEC_REPO_US,EGEI,SP25_91282CEC1_C_Par_0_AON,Sell,5.00,4.3000,Limit,FOK,-1,
2025-04-25T10:04:08.840,SENT,BTEC_REPO_US,EGEI,SP25_91282CEC1_C_Par_0_AON,Sell,5.00,4.3000,Limit,FOK,304,
2025-04-25T10:04:08.841,SEND,BTEC_REPO_US,EGEI,USP_91282CMW8_C_Par_0_AON,Buy,25.00,4.3600,Limit,FOK,-1,
2025-04-25T10:04:08.841,SENT,BTEC_REPO_US,EGEI,USP_91282CMW8_C_Par_0_AON,Buy,25.00,4.3600,Limit,FOK,305,
2025-04-25T10:04:08.841,SEND,BTEC_REPO_US,EGEI,USP_91282CMW8_C_Par_0_AON,Sell,10.00,4.3000,Limit,FOK,-1,
2025-04-25T10:04:08.842,SENT,BTEC_REPO_US,EGEI,USP_91282CMW8_C_Par_0_AON,Sell,10.00,4.3000,Limit,FOK,306,
2025-04-25T10:04:08.842,SEND,BTEC_REPO_US,EGEI,SP25_91282CKG5_C_Par_0_AON,Buy,18.00,4.3500,Limit,FOK,-1,
2025-04-25T10:04:08.842,SENT,BTEC_REPO_US,EGEI,SP25_91282CKG5_C_Par_0_AON,Buy,18.00,4.3500,Limit,FOK,307,
2025-04-25T10:04:08.842,SEND,BTEC_REPO_US,EGEI,SP25_91282CKG5_C_Par_0_AON,Sell,5.00,4.3000,Limit,FOK,-1,
2025-04-25T10:04:08.842,SENT,BTEC_REPO_US,EGEI,SP25_91282CKG5_C_Par_0_AON,Sell,5.00,4.3000,Limit,FOK,308,
2025-04-25T10:04:08.846,SEND,BTEC_REPO_US,EGEI,SP25_912828YB0_C_Par_0,Buy,25.00,4.3400,Limit,FAK,-1,
2025-04-25T10:04:08.846,SENT,BTEC_REPO_US,EGEI,SP25_912828YB0_C_Par_0,Buy,25.00,4.3400,Limit,FAK,309,
2025-04-25T10:04:08.846,SEND,BTEC_REPO_US,EGEI,SP25_912828YB0_C_Par_0_AON,Sell,5.00,4.3000,Limit,FOK,-1,
2025-04-25T10:04:08.846,SENT,BTEC_REPO_US,EGEI,SP25_912828YB0_C_Par_0_AON,Sell,5.00,4.3000,Limit,FOK,310,
2025-04-25T10:06:12.824,SEND,BTEC_REPO_US,EGEI,SP25_9128286A3_C_Par_0,Buy,25.00,4.3000,Limit,FAK,-1,
2025-04-25T10:06:12.825,SENT,BTEC_REPO_US,EGEI,SP25_9128286A3_C_Par_0,Buy,25.00,4.3000,Limit,FAK,311,
2025-04-25T10:06:12.825,SEND,BTEC_REPO_US,EGEI,SP25_9128286A3_C_Par_0_AON,Sell,10.00,4.2700,Limit,FOK,-1,
2025-04-25T10:06:12.825,SENT,BTEC_REPO_US,EGEI,SP25_9128286A3_C_Par_0_AON,Sell,10.00,4.2700,Limit,FOK,312,
2025-04-25T10:06:25.199,SEND,BTEC_REPO_US,EGEI,SP25_91282CHD6_C_Par_0,Buy,25.00,4.3000,Limit,FAK,-1,
2025-04-25T10:06:25.200,SENT,BTEC_REPO_US,EGEI,SP25_91282CHD6_C_Par_0,Buy,25.00,4.3000,Limit,FAK,313,
2025-04-25T10:06:25.200,SEND,BTEC_REPO_US,EGEI,SP25_91282CHD6_C_Par_0_AON,Sell,5.00,4.2800,Limit,FOK,-1,
2025-04-25T10:06:25.200,SENT,BTEC_REPO_US,EGEI,SP25_91282CHD6_C_Par_0_AON,Sell,5.00,4.2800,Limit,FOK,314,
2025-04-25T10:06:34.140,SEND,BTEC_REPO_US,EGEI,SP25_91282CBL4_C_Par_0,Buy,25.00,4.3000,Limit,FAK,-1,
2025-04-25T10:06:34.140,SENT,BTEC_REPO_US,EGEI,SP25_91282CBL4_C_Par_0,Buy,25.00,4.3000,Limit,FAK,315,
2025-04-25T10:06:34.140,SEND,BTEC_REPO_US,EGEI,SP25_91282CBL4_C_Par_0_AON,Sell,9.00,4.2700,Limit,FOK,-1,
2025-04-25T10:06:34.140,SENT,BTEC_REPO_US,EGEI,SP25_91282CBL4_C_Par_0_AON,Sell,9.00,4.2700,Limit,FOK,316,
2025-04-25T10:06:51.857,SEND,BTEC_REPO_US,EGEI,SP25_912797QA8_C_Par_0,Buy,25.00,4.2400,Limit,FAK,-1,
2025-04-25T10:06:51.857,SENT,BTEC_REPO_US,EGEI,SP25_912797QA8_C_Par_0,Buy,25.00,4.2400,Limit,FAK,317,
2025-04-25T10:06:51.857,SEND,BTEC_REPO_US,EGEI,SP25_912797QA8_C_Par_0_AON,Sell,5.00,4.2200,Limit,FOK,-1,
2025-04-25T10:06:51.857,SENT,BTEC_REPO_US,EGEI,SP25_912797QA8_C_Par_0_AON,Sell,5.00,4.2200,Limit,FOK,318,
2025-04-25T10:08:22.871,SEND,BTEC_REPO_US,EGEI,SP25_912797ND5_C_Par_0,Buy,25.00,4.3400,Limit,FAK,-1,
2025-04-25T10:08:22.871,SENT,BTEC_REPO_US,EGEI,SP25_912797ND5_C_Par_0,Buy,25.00,4.3400,Limit,FAK,319,
2025-04-25T10:08:22.871,SEND,BTEC_REPO_US,EGEI,SP25_912797ND5_C_Par_0_AON,Sell,5.00,4.2500,Limit,FOK,-1,
2025-04-25T10:08:22.871,SENT,BTEC_REPO_US,EGEI,SP25_912797ND5_C_Par_0_AON,Sell,5.00,4.2500,Limit,FOK,320,
2025-04-25T10:08:52.862,SEND,BTEC_REPO_US,EGEI,SP25_912810TR9_C_Par_0,Buy,25.00,4.3200,Limit,FAK,-1,
2025-04-25T10:08:52.862,SENT,BTEC_REPO_US,EGEI,SP25_912810TR9_C_Par_0,Buy,25.00,4.3200,Limit,FAK,321,
2025-04-25T10:08:52.862,SEND,BTEC_REPO_US,EGEI,SP25_912810TR9_C_Par_0_AON,Sell,5.00,4.3000,Limit,FOK,-1,
2025-04-25T10:08:52.862,SENT,BTEC_REPO_US,EGEI,SP25_912810TR9_C_Par_0_AON,Sell,5.00,4.3000,Limit,FOK,322,
2025-04-25T10:13:25.177,SEND,BTEC_REPO_US,EGEI,SP25_912797LN5_C_Par_0,Buy,25.00,4.3200,Limit,FAK,-1,
2025-04-25T10:13:25.177,SENT,BTEC_REPO_US,EGEI,SP25_912797LN5_C_Par_0,Buy,25.00,4.3200,Limit,FAK,323,
2025-04-25T10:13:25.177,SEND,BTEC_REPO_US,EGEI,SP25_912797LN5_C_Par_0_AON,Sell,5.00,4.3000,Limit,FOK,-1,
2025-04-25T10:13:25.177,SENT,BTEC_REPO_US,EGEI,SP25_912797LN5_C_Par_0_AON,Sell,5.00,4.3000,Limit,FOK,324,
2025-04-25T10:13:32.300,SEND,BTEC_REPO_US,EGEI,SP25_912797QE0_C_Par_0,Buy,25.00,4.2500,Limit,FAK,-1,
2025-04-25T10:13:32.302,SENT,BTEC_REPO_US,EGEI,SP25_912797QE0_C_Par_0,Buy,25.00,4.2500,Limit,FAK,325,
2025-04-25T10:13:32.302,SEND,BTEC_REPO_US,EGEI,SP25_912797QE0_C_Par_0_AON,Sell,5.00,4.2300,Limit,FOK,-1,
2025-04-25T10:13:32.302,SENT,BTEC_REPO_US,EGEI,SP25_912797QE0_C_Par_0_AON,Sell,5.00,4.2300,Limit,FOK,326,
2025-04-25T10:13:41.976,SEND,BTEC_REPO_US,EGEI,SP25_912797QE0_C_Par_0,Buy,25.00,4.2500,Limit,FAK,-1,
2025-04-25T10:13:41.978,SENT,BTEC_REPO_US,EGEI,SP25_912797QE0_C_Par_0,Buy,25.00,4.2500,Limit,FAK,327,
2025-04-25T10:13:41.979,SEND,BTEC_REPO_US,EGEI,SP25_912797QE0_C_Par_0_AON,Sell,5.00,4.2300,Limit,FOK,-1,
2025-04-25T10:13:41.979,SENT,BTEC_REPO_US,EGEI,SP25_912797QE0_C_Par_0_AON,Sell,5.00,4.2300,Limit,FOK,328,
2025-04-25T10:13:49.654,SEND,BTEC_REPO_US,EGEI,SP25_912810PT9_C_Par_0,Buy,25.00,4.2800,Limit,FAK,-1,
2025-04-25T10:13:49.654,SENT,BTEC_REPO_US,EGEI,SP25_912810PT9_C_Par_0,Buy,25.00,4.2800,Limit,FAK,329,
2025-04-25T10:13:49.654,SEND,BTEC_REPO_US,EGEI,SP25_912810PT9_C_Par_0_AON,Sell,9.00,4.2500,Limit,FOK,-1,
2025-04-25T10:13:49.655,SENT,BTEC_REPO_US,EGEI,SP25_912810PT9_C_Par_0_AON,Sell,9.00,4.2500,Limit,FOK,330,
2025-04-25T10:14:47.947,SEND,BTEC_REPO_US,EGEI,SP25_912810TX6_C_Par_0_AON,Buy,8.00,4.3400,Limit,FOK,-1,
2025-04-25T10:14:47.947,SENT,BTEC_REPO_US,EGEI,SP25_912810TX6_C_Par_0_AON,Buy,8.00,4.3400,Limit,FOK,331,
2025-04-25T10:14:47.948,SEND,BTEC_REPO_US,EGEI,SP25_912810TX6_C_Par_0_AON,Sell,5.00,4.3200,Limit,FOK,-1,
2025-04-25T10:14:47.948,SENT,BTEC_REPO_US,EGEI,SP25_912810TX6_C_Par_0_AON,Sell,5.00,4.3200,Limit,FOK,332,
2025-04-25T10:17:14.399,SEND,BTEC_REPO_US,EGEI,SP25_912797PP6_C_Par_0,Buy,25.00,4.2400,Limit,FAK,-1,
2025-04-25T10:17:14.399,SENT,BTEC_REPO_US,EGEI,SP25_912797PP6_C_Par_0,Buy,25.00,4.2400,Limit,FAK,333,
2025-04-25T10:17:14.399,SEND,BTEC_REPO_US,EGEI,SP25_912797PP6_C_Par_0_AON,Sell,5.00,4.2200,Limit,FOK,-1,
2025-04-25T10:17:14.399,SENT,BTEC_REPO_US,EGEI,SP25_912797PP6_C_Par_0_AON,Sell,5.00,4.2200,Limit,FOK,334,
2025-04-25T10:18:35.509,SEND,BTEC_REPO_US,EGEI,SP25_912797NA1_C_Par_0,Buy,25.00,4.1000,Limit,FAK,-1,
2025-04-25T10:18:35.510,SENT,BTEC_REPO_US,EGEI,SP25_912797NA1_C_Par_0,Buy,25.00,4.1000,Limit,FAK,335,
2025-04-25T10:18:35.510,SEND,BTEC_REPO_US,EGEI,SP25_912797NA1_C_Par_0_AON,Sell,5.00,4.0500,Limit,FOK,-1,
2025-04-25T10:18:35.510,SENT,BTEC_REPO_US,EGEI,SP25_912797NA1_C_Par_0_AON,Sell,5.00,4.0500,Limit,FOK,336,
2025-04-25T10:23:09.135,SEND,BTEC_REPO_US,EGEI,SP25_91282CMF5_C_Par_0_AON,Buy,12.00,4.3800,Limit,FOK,-1,
2025-04-25T10:23:09.135,SENT,BTEC_REPO_US,EGEI,SP25_91282CMF5_C_Par_0_AON,Buy,12.00,4.3800,Limit,FOK,337,
2025-04-25T10:23:09.135,SEND,BTEC_REPO_US,EGEI,SP25_91282CMF5_C_Par_0_AON,Sell,6.00,4.3100,Limit,FOK,-1,
2025-04-25T10:23:09.135,SENT,BTEC_REPO_US,EGEI,SP25_91282CMF5_C_Par_0_AON,Sell,6.00,4.3100,Limit,FOK,338,
2025-04-25T10:23:15.954,SEND,BTEC_REPO_US,EGEI,USP_91282CLW9_C_Par_0,Buy,50.00,4.3300,Limit,FAK,-1,
2025-04-25T10:23:15.954,SENT,BTEC_REPO_US,EGEI,USP_91282CLW9_C_Par_0,Buy,50.00,4.3300,Limit,FAK,339,
2025-04-25T10:23:15.954,SEND,BTEC_REPO_US,EGEI,USP_91282CLW9_C_Par_0_AON,Sell,10.00,4.3100,Limit,FOK,-1,
2025-04-25T10:23:15.954,SENT,BTEC_REPO_US,EGEI,USP_91282CLW9_C_Par_0_AON,Sell,10.00,4.3100,Limit,FOK,340,
2025-04-25T10:28:28.648,SEND,BTEC_REPO_US,EGEI,SP25_912810TA6_C_Par_0_AON,Buy,18.00,4.4000,Limit,FOK,-1,
2025-04-25T10:28:28.648,SENT,BTEC_REPO_US,EGEI,SP25_912810TA6_C_Par_0_AON,Buy,18.00,4.4000,Limit,FOK,341,
2025-04-25T10:28:28.648,SEND,BTEC_REPO_US,EGEI,SP25_912810TA6_C_Par_0_AON,Sell,9.00,4.3300,Limit,FOK,-1,
2025-04-25T10:28:28.648,SENT,BTEC_REPO_US,EGEI,SP25_912810TA6_C_Par_0_AON,Sell,9.00,4.3300,Limit,FOK,342,
2025-04-25T10:28:28.648,SEND,BTEC_REPO_US,EGEI,SP25_9128286L9_C_Par_0_AON,Buy,21.00,4.3900,Limit,FOK,-1,
2025-04-25T10:28:28.650,SENT,BTEC_REPO_US,EGEI,SP25_9128286L9_C_Par_0_AON,Buy,21.00,4.3900,Limit,FOK,343,
2025-04-25T10:28:28.650,SEND,BTEC_REPO_US,EGEI,SP25_9128286L9_C_Par_0_AON,Sell,17.00,4.3200,Limit,FOK,-1,
2025-04-25T10:28:28.650,SENT,BTEC_REPO_US,EGEI,SP25_9128286L9_C_Par_0_AON,Sell,17.00,4.3200,Limit,FOK,344,
2025-04-25T10:28:28.703,SEND,BTEC_REPO_US,EGEI,SP25_91282CLJ8_C_Par_0_AON,Buy,17.00,4.3700,Limit,FOK,-1,
2025-04-25T10:28:28.703,SENT,BTEC_REPO_US,EGEI,SP25_91282CLJ8_C_Par_0_AON,Buy,17.00,4.3700,Limit,FOK,345,
2025-04-25T10:28:28.703,SEND,BTEC_REPO_US,EGEI,SP25_91282CLJ8_C_Par_0_AON,Sell,5.00,4.3100,Limit,FOK,-1,
2025-04-25T10:28:28.703,SENT,BTEC_REPO_US,EGEI,SP25_91282CLJ8_C_Par_0_AON,Sell,5.00,4.3100,Limit,FOK,346,
2025-04-25T10:30:07.734,SEND,BTEC_REPO_US,EGEI,SP25_912797PQ4_C_Par_0,Buy,25.00,4.2500,Limit,FAK,-1,
2025-04-25T10:30:07.734,SENT,BTEC_REPO_US,EGEI,SP25_912797PQ4_C_Par_0,Buy,25.00,4.2500,Limit,FAK,347,
2025-04-25T10:30:07.734,SEND,BTEC_REPO_US,EGEI,SP25_912797PQ4_C_Par_0_AON,Sell,5.00,4.2300,Limit,FOK,-1,
2025-04-25T10:30:07.734,SENT,BTEC_REPO_US,EGEI,SP25_912797PQ4_C_Par_0_AON,Sell,5.00,4.2300,Limit,FOK,348,
2025-04-25T10:50:20.990,SEND,BTEC_REPO_US,EGEI,SP25_912810EX2_C_Par_0,Buy,25.00,4.3000,Limit,FAK,-1,
2025-04-25T10:50:20.990,SENT,BTEC_REPO_US,EGEI,SP25_912810EX2_C_Par_0,Buy,25.00,4.3000,Limit,FAK,349,
2025-04-25T10:50:20.990,SEND,BTEC_REPO_US,EGEI,SP25_912810EX2_C_Par_0_AON,Sell,5.00,4.2800,Limit,FOK,-1,
2025-04-25T10:50:20.990,SENT,BTEC_REPO_US,EGEI,SP25_912810EX2_C_Par_0_AON,Sell,5.00,4.2800,Limit,FOK,350,
2025-04-25T10:50:21.350,SEND,BTEC_REPO_US,EGEI,SP25_91282CGL9_C_Par_0,Buy,25.00,4.3000,Limit,FAK,-1,
2025-04-25T10:50:21.350,SENT,BTEC_REPO_US,EGEI,SP25_91282CGL9_C_Par_0,Buy,25.00,4.3000,Limit,FAK,351,
2025-04-25T10:50:21.350,SEND,BTEC_REPO_US,EGEI,SP25_91282CGL9_C_Par_0_AON,Sell,5.00,4.2800,Limit,FOK,-1,
2025-04-25T10:50:21.350,SENT,BTEC_REPO_US,EGEI,SP25_91282CGL9_C_Par_0_AON,Sell,5.00,4.2800,Limit,FOK,352,
2025-04-25T11:32:27.168,SEND,BTEC_REPO_US,EGEI,SP25_91282CHV6_C_Par_0,Buy,25.00,4.3300,Limit,FAK,-1,
2025-04-25T11:32:27.169,SENT,BTEC_REPO_US,EGEI,SP25_91282CHV6_C_Par_0,Buy,25.00,4.3300,Limit,FAK,353,
2025-04-25T11:32:27.169,SEND,BTEC_REPO_US,EGEI,SP25_91282CHV6_C_Par_0_AON,Sell,5.00,4.2700,Limit,FOK,-1,
2025-04-25T11:32:27.169,SENT,BTEC_REPO_US,EGEI,SP25_91282CHV6_C_Par_0_AON,Sell,5.00,4.2700,Limit,FOK,354,
2025-04-25T12:27:55.911,SEND,DEALERWEB_REPO,aslegerhard01,912810TE8_20250428_20250429,Buy,25.00,4.3800,Limit,FAS,-1,
2025-04-25T12:27:55.912,SENT,DEALERWEB_REPO,aslegerhard01,912810TE8_20250428_20250429,Buy,25.00,4.3800,Limit,FAS,355,
2025-04-25T12:27:55.912,SEND,DEALERWEB_REPO,aslegerhard01,912810TE8_20250428_20250429_AON,Sell,12.00,4.3500,Limit,FAS,-1,
2025-04-25T12:27:55.912,SENT,DEALERWEB_REPO,aslegerhard01,912810TE8_20250428_20250429_AON,Sell,12.00,4.3500,Limit,FAS,356,
2025-04-25T12:52:04.740,SEND,BTEC_REPO_US,EGEI,USP_91282CMT5_C_Par_0_AON,Buy,25.00,4.3800,Limit,FOK,-1,
2025-04-25T12:52:04.741,SENT,BTEC_REPO_US,EGEI,USP_91282CMT5_C_Par_0_AON,Buy,25.00,4.3800,Limit,FOK,357,
2025-04-25T12:52:04.741,SEND,BTEC_REPO_US,EGEI,USP_91282CMT5_C_Par_0_AON,Sell,10.00,4.3600,Limit,FOK,-1,
2025-04-25T12:52:04.741,SENT,BTEC_REPO_US,EGEI,USP_91282CMT5_C_Par_0_AON,Sell,10.00,4.3600,Limit,FOK,358,
2025-04-25T12:52:04.792,SEND,BTEC_REPO_US,EGEI,USP_91282CMT5_C_Par_0_AON,Buy,25.00,4.3800,Limit,FOK,-1,
2025-04-25T12:52:04.792,SENT,BTEC_REPO_US,EGEI,USP_91282CMT5_C_Par_0_AON,Buy,25.00,4.3800,Limit,FOK,359,
2025-04-25T12:52:04.792,SEND,BTEC_REPO_US,EGEI,USP_91282CMT5_C_Par_0_AON,Sell,10.00,4.3600,Limit,FOK,-1,
2025-04-25T12:52:04.793,SENT,BTEC_REPO_US,EGEI,USP_91282CMT5_C_Par_0_AON,Sell,10.00,4.3600,Limit,FOK,360,
2025-04-25T13:45:32.886,SEND,BTEC_REPO_US,EGEI,SP25_912797PK7_C_Par_0,Buy,25.00,4.0000,Limit,FAK,-1,
2025-04-25T13:45:32.886,SENT,BTEC_REPO_US,EGEI,SP25_912797PK7_C_Par_0,Buy,25.00,4.0000,Limit,FAK,361,
2025-04-25T13:45:32.886,SEND,BTEC_REPO_US,EGEI,SP25_912797PK7_C_Par_0_AON,Sell,10.00,3.8100,Limit,FOK,-1,
2025-04-25T13:45:32.886,SENT,BTEC_REPO_US,EGEI,SP25_912797PK7_C_Par_0_AON,Sell,10.00,3.8100,Limit,FOK,362,
2025-04-25T13:51:08.498,SEND,BTEC_REPO_US,EGEI,SP25_912797PK7_C_Par_0,Buy,25.00,4.0000,Limit,FAK,-1,
2025-04-25T13:51:08.498,SENT,BTEC_REPO_US,EGEI,SP25_912797PK7_C_Par_0,Buy,25.00,4.0000,Limit,FAK,363,
2025-04-25T13:51:08.498,SEND,BTEC_REPO_US,EGEI,SP25_912797PK7_C_Par_0_AON,Sell,5.00,3.8000,Limit,FOK,-1,
2025-04-25T13:51:08.498,SENT,BTEC_REPO_US,EGEI,SP25_912797PK7_C_Par_0_AON,Sell,5.00,3.8000,Limit,FOK,364,
2025-04-25T14:37:38.496,SEND,BTEC_REPO_US,EGEI,SP25_91282CJE2_C_Par_0,Buy,25.00,4.1500,Limit,FAK,-1,
2025-04-25T14:37:38.496,SENT,BTEC_REPO_US,EGEI,SP25_91282CJE2_C_Par_0,Buy,25.00,4.1500,Limit,FAK,365,
2025-04-25T14:37:38.496,SEND,BTEC_REPO_US,EGEI,SP25_91282CJE2_C_Par_0_AON,Sell,5.00,4.0500,Limit,FOK,-1,
2025-04-25T14:37:38.497,SENT,BTEC_REPO_US,EGEI,SP25_91282CJE2_C_Par_0_AON,Sell,5.00,4.0500,Limit,FOK,366,
