timestamp,operation,source,trader,instrumentId,direction,size,price,orderType,tif,requestId,orderId

2025-04-29T07:00:01.732,SEND,BTEC_REPO_US,EGEI,SP25_912797QH3_C_Par_0,Buy,25.00,4.4200,Limit,FAK,-1,
2025-04-29T07:00:01.745,SENT,BTEC_REPO_US,EGEI,SP25_912797QH3_C_Par_0,Buy,25.00,4.4200,Limit,FAK,1,
2025-04-29T07:00:01.746,SEND,BTEC_REPO_US,EGEI,SP25_912797QH3_C_Par_0_AON,Sell,10.00,4.3800,Limit,FOK,-1,
2025-04-29T07:00:01.747,SENT,BTEC_REPO_US,EGEI,SP25_912797QH3_C_Par_0_AON,Sell,10.00,4.3800,Limit,FOK,2,
2025-04-29T07:00:02.462,SEND,BTEC_REPO_US,EGEI,SP25_912797QH3_C_Par_0,Buy,25.00,4.4200,Limit,FAK,-1,
2025-04-29T07:00:02.463,SENT,BTEC_REPO_US,EGEI,SP25_912797QH3_C_Par_0,Buy,25.00,4.4200,Limit,FAK,3,
2025-04-29T07:00:02.463,SEND,BTEC_REPO_US,EGEI,SP25_912797QH3_C_Par_0_AON,Sell,10.00,4.3800,Limit,FOK,-1,
2025-04-29T07:00:02.463,SENT,BTEC_REPO_US,EGEI,SP25_912797QH3_C_Par_0_AON,Sell,10.00,4.3800,Limit,FOK,4,
2025-04-29T07:00:02.639,SEND,BTEC_REPO_US,EGEI,SP25_912797LB1_C_Par_0,Buy,25.00,4.3800,Limit,FAK,-1,
2025-04-29T07:00:02.640,SENT,BTEC_REPO_US,EGEI,SP25_912797LB1_C_Par_0,Buy,25.00,4.3800,Limit,FAK,5,
2025-04-29T07:00:02.641,SEND,BTEC_REPO_US,EGEI,SP25_912797LB1_C_Par_0_AON,Sell,10.00,4.3400,Limit,FOK,-1,
2025-04-29T07:00:02.641,SENT,BTEC_REPO_US,EGEI,SP25_912797LB1_C_Par_0_AON,Sell,10.00,4.3400,Limit,FOK,6,
2025-04-29T07:00:02.953,SEND,DEALERWEB_REPO,aslegerhard01,912797PC5_20250429_20250430,Buy,25.00,4.3900,Limit,FAS,-1,
2025-04-29T07:00:02.954,SENT,DEALERWEB_REPO,aslegerhard01,912797PC5_20250429_20250430,Buy,25.00,4.3900,Limit,FAS,7,
2025-04-29T07:00:02.954,SEND,BTEC_REPO_US,EGEI,SP25_912797PC5_C_Par_0,Sell,25.00,4.3600,Limit,FAK,-1,
2025-04-29T07:00:02.955,SENT,BTEC_REPO_US,EGEI,SP25_912797PC5_C_Par_0,Sell,25.00,4.3600,Limit,FAK,8,
2025-04-29T07:00:02.962,SEND,DEALERWEB_REPO,aslegerhard01,91282CAM3_20250429_20250430,Buy,25.00,4.3500,Limit,FAS,-1,
2025-04-29T07:00:02.963,SENT,DEALERWEB_REPO,aslegerhard01,91282CAM3_20250429_20250430,Buy,25.00,4.3500,Limit,FAS,9,
2025-04-29T07:00:02.963,SEND,BTEC_REPO_US,EGEI,SP25_91282CAM3_C_Par_0,Sell,25.00,4.3200,Limit,FAK,-1,
2025-04-29T07:00:02.963,SENT,BTEC_REPO_US,EGEI,SP25_91282CAM3_C_Par_0,Sell,25.00,4.3200,Limit,FAK,10,
2025-04-29T07:00:02.973,SEND,DEALERWEB_REPO,aslegerhard01,912810EW4_20250429_20250430,Buy,25.00,4.4100,Limit,FAS,-1,
2025-04-29T07:00:02.974,SENT,DEALERWEB_REPO,aslegerhard01,912810EW4_20250429_20250430,Buy,25.00,4.4100,Limit,FAS,11,
2025-04-29T07:00:02.974,SEND,BTEC_REPO_US,EGEI,SP25_912810EW4_C_Par_0,Sell,25.00,4.3900,Limit,FAK,-1,
2025-04-29T07:00:02.975,SENT,BTEC_REPO_US,EGEI,SP25_912810EW4_C_Par_0,Sell,25.00,4.3900,Limit,FAK,12,
2025-04-29T07:00:02.977,SEND,DEALERWEB_REPO,aslegerhard01,91282CML2_20250429_20250430,Buy,25.00,4.3500,Limit,FAS,-1,
2025-04-29T07:00:02.978,SENT,DEALERWEB_REPO,aslegerhard01,91282CML2_20250429_20250430,Buy,25.00,4.3500,Limit,FAS,13,
2025-04-29T07:00:02.978,SEND,BTEC_REPO_US,EGEI,SP25_91282CML2_C_Par_0,Sell,25.00,4.3300,Limit,FAK,-1,
2025-04-29T07:00:02.979,SENT,BTEC_REPO_US,EGEI,SP25_91282CML2_C_Par_0,Sell,25.00,4.3300,Limit,FAK,14,
2025-04-29T07:00:03.016,SEND,BTEC_REPO_US,EGEI,SP25_912797PY7_C_Par_0,Buy,25.00,4.3200,Limit,FAK,-1,
2025-04-29T07:00:03.017,SENT,BTEC_REPO_US,EGEI,SP25_912797PY7_C_Par_0,Buy,25.00,4.3200,Limit,FAK,15,
2025-04-29T07:00:03.017,SEND,BTEC_REPO_US,EGEI,SP25_912797PY7_C_Par_0_AON,Sell,15.00,4.3000,Limit,FOK,-1,
2025-04-29T07:00:03.018,SENT,BTEC_REPO_US,EGEI,SP25_912797PY7_C_Par_0_AON,Sell,15.00,4.3000,Limit,FOK,16,
2025-04-29T07:00:03.020,SEND,DEALERWEB_REPO,aslegerhard01,912797NW3_20250429_20250430,Buy,25.00,4.3500,Limit,FAS,-1,
2025-04-29T07:00:03.021,SENT,DEALERWEB_REPO,aslegerhard01,912797NW3_20250429_20250430,Buy,25.00,4.3500,Limit,FAS,17,
2025-04-29T07:00:03.021,SEND,BTEC_REPO_US,EGEI,SP25_912797NW3_C_Par_0,Sell,25.00,4.3200,Limit,FAK,-1,
2025-04-29T07:00:03.021,SENT,BTEC_REPO_US,EGEI,SP25_912797NW3_C_Par_0,Sell,25.00,4.3200,Limit,FAK,18,
2025-04-29T07:00:03.466,SEND,BTEC_REPO_US,EGEI,SP25_912797QH3_C_Par_0,Buy,25.00,4.4200,Limit,FAK,-1,
2025-04-29T07:00:03.467,SENT,BTEC_REPO_US,EGEI,SP25_912797QH3_C_Par_0,Buy,25.00,4.4200,Limit,FAK,19,
2025-04-29T07:00:03.467,SEND,BTEC_REPO_US,EGEI,SP25_912797QH3_C_Par_0_AON,Sell,10.00,4.3800,Limit,FOK,-1,
2025-04-29T07:00:03.468,SENT,BTEC_REPO_US,EGEI,SP25_912797QH3_C_Par_0_AON,Sell,10.00,4.3800,Limit,FOK,20,
2025-04-29T07:00:03.470,SEND,BTEC_REPO_US,EGEI,SP25_912797QH3_C_Par_0,Buy,25.00,4.4200,Limit,FAK,-1,
2025-04-29T07:00:03.470,SENT,BTEC_REPO_US,EGEI,SP25_912797QH3_C_Par_0,Buy,25.00,4.4200,Limit,FAK,21,
2025-04-29T07:00:03.470,SEND,DEALERWEB_REPO,aslegerhard01,912797QH3_20250429_20250430,Sell,25.00,4.4000,Limit,FAS,-1,
2025-04-29T07:00:03.471,SENT,DEALERWEB_REPO,aslegerhard01,912797QH3_20250429_20250430,Sell,25.00,4.4000,Limit,FAS,22,
2025-04-29T07:00:03.479,SEND,DEALERWEB_REPO,aslegerhard01,912797NW3_20250429_20250430,Buy,25.00,4.3500,Limit,FAS,-1,
2025-04-29T07:00:03.480,SENT,DEALERWEB_REPO,aslegerhard01,912797NW3_20250429_20250430,Buy,25.00,4.3500,Limit,FAS,23,
2025-04-29T07:00:03.481,SEND,BTEC_REPO_US,EGEI,SP25_912797NW3_C_Par_0,Sell,25.00,4.3200,Limit,FAK,-1,
2025-04-29T07:00:03.482,SENT,BTEC_REPO_US,EGEI,SP25_912797NW3_C_Par_0,Sell,25.00,4.3200,Limit,FAK,24,
2025-04-29T07:00:03.487,SEND,BTEC_REPO_US,EGEI,SP25_912797LB1_C_Par_0,Buy,25.00,4.3800,Limit,FAK,-1,
2025-04-29T07:00:03.488,SENT,BTEC_REPO_US,EGEI,SP25_912797LB1_C_Par_0,Buy,25.00,4.3800,Limit,FAK,25,
2025-04-29T07:00:03.488,SEND,BTEC_REPO_US,EGEI,SP25_912797LB1_C_Par_0_AON,Sell,10.00,4.3400,Limit,FOK,-1,
2025-04-29T07:00:03.489,SENT,BTEC_REPO_US,EGEI,SP25_912797LB1_C_Par_0_AON,Sell,10.00,4.3400,Limit,FOK,26,
2025-04-29T07:00:03.494,SEND,DEALERWEB_REPO,aslegerhard01,91282CML2_20250429_20250430,Buy,25.00,4.3500,Limit,FAS,-1,
2025-04-29T07:00:03.495,SENT,DEALERWEB_REPO,aslegerhard01,91282CML2_20250429_20250430,Buy,25.00,4.3500,Limit,FAS,27,
2025-04-29T07:00:03.495,SEND,BTEC_REPO_US,EGEI,SP25_91282CML2_C_Par_0,Sell,25.00,4.3300,Limit,FAK,-1,
2025-04-29T07:00:03.496,SENT,BTEC_REPO_US,EGEI,SP25_91282CML2_C_Par_0,Sell,25.00,4.3300,Limit,FAK,28,
2025-04-29T07:00:03.500,SEND,BTEC_REPO_US,EGEI,SP25_912797PY7_C_Par_0,Buy,25.00,4.3200,Limit,FAK,-1,
2025-04-29T07:00:03.500,SENT,BTEC_REPO_US,EGEI,SP25_912797PY7_C_Par_0,Buy,25.00,4.3200,Limit,FAK,29,
2025-04-29T07:00:03.501,SEND,BTEC_REPO_US,EGEI,SP25_912797PY7_C_Par_0_AON,Sell,15.00,4.3000,Limit,FOK,-1,
2025-04-29T07:00:03.501,SENT,BTEC_REPO_US,EGEI,SP25_912797PY7_C_Par_0_AON,Sell,15.00,4.3000,Limit,FOK,30,
2025-04-29T07:00:03.502,SEND,DEALERWEB_REPO,aslegerhard01,912810EW4_20250429_20250430,Buy,25.00,4.4100,Limit,FAS,-1,
2025-04-29T07:00:03.503,SENT,DEALERWEB_REPO,aslegerhard01,912810EW4_20250429_20250430,Buy,25.00,4.4100,Limit,FAS,31,
2025-04-29T07:00:03.503,SEND,BTEC_REPO_US,EGEI,SP25_912810EW4_C_Par_0,Sell,25.00,4.3900,Limit,FAK,-1,
2025-04-29T07:00:03.504,SENT,BTEC_REPO_US,EGEI,SP25_912810EW4_C_Par_0,Sell,25.00,4.3900,Limit,FAK,32,
2025-04-29T07:00:03.543,SEND,BTEC_REPO_US,EGEI,SP25_912797LB1_C_Par_0,Buy,25.00,4.3800,Limit,FAK,-1,
2025-04-29T07:00:03.544,SENT,BTEC_REPO_US,EGEI,SP25_912797LB1_C_Par_0,Buy,25.00,4.3800,Limit,FAK,33,
2025-04-29T07:00:03.544,SEND,BTEC_REPO_US,EGEI,SP25_912797LB1_C_Par_0_AON,Sell,10.00,4.3400,Limit,FOK,-1,
2025-04-29T07:00:03.545,SENT,BTEC_REPO_US,EGEI,SP25_912797LB1_C_Par_0_AON,Sell,10.00,4.3400,Limit,FOK,34,
2025-04-29T07:00:04.478,SEND,DEALERWEB_REPO,aslegerhard01,912797NW3_20250429_20250430,Buy,25.00,4.3500,Limit,FAS,-1,
2025-04-29T07:00:04.479,SENT,DEALERWEB_REPO,aslegerhard01,912797NW3_20250429_20250430,Buy,25.00,4.3500,Limit,FAS,35,
2025-04-29T07:00:04.479,SEND,BTEC_REPO_US,EGEI,SP25_912797NW3_C_Par_0,Sell,25.00,4.3200,Limit,FAK,-1,
2025-04-29T07:00:04.479,SENT,BTEC_REPO_US,EGEI,SP25_912797NW3_C_Par_0,Sell,25.00,4.3200,Limit,FAK,36,
2025-04-29T07:00:04.483,SEND,DEALERWEB_REPO,aslegerhard01,912810EW4_20250429_20250430,Buy,25.00,4.4100,Limit,FAS,-1,
2025-04-29T07:00:04.484,SENT,DEALERWEB_REPO,aslegerhard01,912810EW4_20250429_20250430,Buy,25.00,4.4100,Limit,FAS,37,
2025-04-29T07:00:04.484,SEND,BTEC_REPO_US,EGEI,SP25_912810EW4_C_Par_0,Sell,25.00,4.3900,Limit,FAK,-1,
2025-04-29T07:00:04.484,SENT,BTEC_REPO_US,EGEI,SP25_912810EW4_C_Par_0,Sell,25.00,4.3900,Limit,FAK,38,
2025-04-29T07:00:05.479,SEND,DEALERWEB_REPO,aslegerhard01,912797NW3_20250429_20250430,Buy,25.00,4.3500,Limit,FAS,-1,
2025-04-29T07:00:05.479,SENT,DEALERWEB_REPO,aslegerhard01,912797NW3_20250429_20250430,Buy,25.00,4.3500,Limit,FAS,39,
2025-04-29T07:00:05.479,SEND,BTEC_REPO_US,EGEI,SP25_912797NW3_C_Par_0,Sell,25.00,4.3200,Limit,FAK,-1,
2025-04-29T07:00:05.480,SENT,BTEC_REPO_US,EGEI,SP25_912797NW3_C_Par_0,Sell,25.00,4.3200,Limit,FAK,40,
2025-04-29T07:00:05.482,SEND,DEALERWEB_REPO,aslegerhard01,912810EW4_20250429_20250430,Buy,25.00,4.4100,Limit,FAS,-1,
2025-04-29T07:00:05.483,SENT,DEALERWEB_REPO,aslegerhard01,912810EW4_20250429_20250430,Buy,25.00,4.4100,Limit,FAS,41,
2025-04-29T07:00:05.483,SEND,BTEC_REPO_US,EGEI,SP25_912810EW4_C_Par_0,Sell,25.00,4.3900,Limit,FAK,-1,
2025-04-29T07:00:05.483,SENT,BTEC_REPO_US,EGEI,SP25_912810EW4_C_Par_0,Sell,25.00,4.3900,Limit,FAK,42,
2025-04-29T07:00:06.479,SEND,DEALERWEB_REPO,aslegerhard01,912797NW3_20250429_20250430,Buy,25.00,4.3500,Limit,FAS,-1,
2025-04-29T07:00:06.479,SENT,DEALERWEB_REPO,aslegerhard01,912797NW3_20250429_20250430,Buy,25.00,4.3500,Limit,FAS,43,
2025-04-29T07:00:06.480,SEND,BTEC_REPO_US,EGEI,SP25_912797NW3_C_Par_0,Sell,25.00,4.3200,Limit,FAK,-1,
2025-04-29T07:00:06.480,SENT,BTEC_REPO_US,EGEI,SP25_912797NW3_C_Par_0,Sell,25.00,4.3200,Limit,FAK,44,
2025-04-29T07:00:06.482,SEND,DEALERWEB_REPO,aslegerhard01,912810EW4_20250429_20250430,Buy,25.00,4.4100,Limit,FAS,-1,
2025-04-29T07:00:06.482,SENT,DEALERWEB_REPO,aslegerhard01,912810EW4_20250429_20250430,Buy,25.00,4.4100,Limit,FAS,45,
2025-04-29T07:00:06.482,SEND,BTEC_REPO_US,EGEI,SP25_912810EW4_C_Par_0,Sell,25.00,4.3900,Limit,FAK,-1,
2025-04-29T07:00:06.483,SENT,BTEC_REPO_US,EGEI,SP25_912810EW4_C_Par_0,Sell,25.00,4.3900,Limit,FAK,46,
2025-04-29T07:00:07.484,SEND,DEALERWEB_REPO,aslegerhard01,912810EW4_20250429_20250430,Buy,25.00,4.4100,Limit,FAS,-1,
2025-04-29T07:00:07.484,SENT,DEALERWEB_REPO,aslegerhard01,912810EW4_20250429_20250430,Buy,25.00,4.4100,Limit,FAS,47,
2025-04-29T07:00:07.484,SEND,BTEC_REPO_US,EGEI,SP25_912810EW4_C_Par_0,Sell,25.00,4.3900,Limit,FAK,-1,
2025-04-29T07:00:07.484,SENT,BTEC_REPO_US,EGEI,SP25_912810EW4_C_Par_0,Sell,25.00,4.3900,Limit,FAK,48,
2025-04-29T07:00:18.099,SEND,DEALERWEB_REPO,aslegerhard01,912797PD3_20250429_20250430,Buy,25.00,4.3600,Limit,FAS,-1,
2025-04-29T07:00:18.099,SENT,DEALERWEB_REPO,aslegerhard01,912797PD3_20250429_20250430,Buy,25.00,4.3600,Limit,FAS,49,
2025-04-29T07:00:18.100,SEND,BTEC_REPO_US,EGEI,SP25_912797PD3_C_Par_0,Sell,25.00,4.3100,Limit,FAK,-1,
2025-04-29T07:00:18.100,SENT,BTEC_REPO_US,EGEI,SP25_912797PD3_C_Par_0,Sell,25.00,4.3100,Limit,FAK,50,
2025-04-29T07:00:18.235,SEND,DEALERWEB_REPO,aslegerhard01,912797NL7_20250429_20250430,Buy,25.00,4.2200,Limit,FAS,-1,
2025-04-29T07:00:18.235,SENT,DEALERWEB_REPO,aslegerhard01,912797NL7_20250429_20250430,Buy,25.00,4.2200,Limit,FAS,51,
2025-04-29T07:00:18.235,SEND,BTEC_REPO_US,EGEI,SP25_912797NL7_C_Par_0,Sell,25.00,4.1900,Limit,FAK,-1,
2025-04-29T07:00:18.236,SENT,BTEC_REPO_US,EGEI,SP25_912797NL7_C_Par_0,Sell,25.00,4.1900,Limit,FAK,52,
2025-04-29T07:00:18.348,SEND,BTEC_REPO_US,EGEI,SP25_912797QF7_C_Par_0,Buy,25.00,4.4400,Limit,FAK,-1,
2025-04-29T07:00:18.348,SENT,BTEC_REPO_US,EGEI,SP25_912797QF7_C_Par_0,Buy,25.00,4.4400,Limit,FAK,53,
2025-04-29T07:00:18.350,SEND,BTEC_REPO_US,EGEI,SP25_912797QF7_C_Par_0_AON,Sell,15.00,4.4200,Limit,FOK,-1,
2025-04-29T07:00:18.350,SENT,BTEC_REPO_US,EGEI,SP25_912797QF7_C_Par_0_AON,Sell,15.00,4.4200,Limit,FOK,54,
2025-04-29T07:00:19.081,SEND,BTEC_REPO_US,EGEI,SP25_912797PS0_C_Par_0,Buy,25.00,4.3900,Limit,FAK,-1,
2025-04-29T07:00:19.081,SENT,BTEC_REPO_US,EGEI,SP25_912797PS0_C_Par_0,Buy,25.00,4.3900,Limit,FAK,55,
2025-04-29T07:00:19.081,SEND,BTEC_REPO_US,EGEI,SP25_912797PS0_C_Par_0_AON,Sell,10.00,4.3500,Limit,FOK,-1,
2025-04-29T07:00:19.081,SENT,BTEC_REPO_US,EGEI,SP25_912797PS0_C_Par_0_AON,Sell,10.00,4.3500,Limit,FOK,56,
2025-04-29T07:00:22.506,SEND,BTEC_REPO_US,EGEI,SP25_91282CHL8_C_Par_0,Buy,25.00,4.3500,Limit,FAK,-1,
2025-04-29T07:00:22.506,SENT,BTEC_REPO_US,EGEI,SP25_91282CHL8_C_Par_0,Buy,25.00,4.3500,Limit,FAK,57,
2025-04-29T07:00:22.506,SEND,DEALERWEB_REPO,aslegerhard01,91282CHL8_20250429_20250430,Sell,25.00,4.3300,Limit,FAS,-1,
2025-04-29T07:00:22.506,SENT,DEALERWEB_REPO,aslegerhard01,91282CHL8_20250429_20250430,Sell,25.00,4.3300,Limit,FAS,58,
2025-04-29T07:00:36.099,SEND,BTEC_REPO_US,EGEI,SP25_912797PD3_C_Par_0,Buy,25.00,4.3600,Limit,FAK,-1,
2025-04-29T07:00:36.099,SENT,BTEC_REPO_US,EGEI,SP25_912797PD3_C_Par_0,Buy,25.00,4.3600,Limit,FAK,59,
2025-04-29T07:00:36.099,SEND,BTEC_REPO_US,EGEI,SP25_912797PD3_C_Par_0_AON,Sell,10.00,4.3400,Limit,FOK,-1,
2025-04-29T07:00:36.099,SENT,BTEC_REPO_US,EGEI,SP25_912797PD3_C_Par_0_AON,Sell,10.00,4.3400,Limit,FOK,60,
2025-04-29T07:00:36.228,SEND,BTEC_REPO_US,EGEI,SP25_912797QC4_C_Par_0,Buy,25.00,4.2100,Limit,FAK,-1,
2025-04-29T07:00:36.228,SENT,BTEC_REPO_US,EGEI,SP25_912797QC4_C_Par_0,Buy,25.00,4.2100,Limit,FAK,61,
2025-04-29T07:00:36.228,SEND,BTEC_REPO_US,EGEI,SP25_912797QC4_C_Par_0_AON,Sell,12.00,4.1900,Limit,FOK,-1,
2025-04-29T07:00:36.228,SENT,BTEC_REPO_US,EGEI,SP25_912797QC4_C_Par_0_AON,Sell,12.00,4.1900,Limit,FOK,62,
2025-04-29T07:00:36.343,SEND,BTEC_REPO_US,EGEI,SP25_912797QB6_C_Par_0,Buy,25.00,4.3100,Limit,FAK,-1,
2025-04-29T07:00:36.345,SENT,BTEC_REPO_US,EGEI,SP25_912797QB6_C_Par_0,Buy,25.00,4.3100,Limit,FAK,63,
2025-04-29T07:00:36.345,SEND,BTEC_REPO_US,EGEI,SP25_912797QB6_C_Par_0_AON,Sell,10.00,4.2800,Limit,FOK,-1,
2025-04-29T07:00:36.345,SENT,BTEC_REPO_US,EGEI,SP25_912797QB6_C_Par_0_AON,Sell,10.00,4.2800,Limit,FOK,64,
2025-04-29T07:00:37.801,SEND,DEALERWEB_REPO,aslegerhard01,91282CEF4_20250429_20250430,Buy,25.00,4.4000,Limit,FAS,-1,
2025-04-29T07:00:37.802,SENT,DEALERWEB_REPO,aslegerhard01,91282CEF4_20250429_20250430,Buy,25.00,4.4000,Limit,FAS,65,
2025-04-29T07:00:37.802,SEND,BTEC_REPO_US,EGEI,SP25_91282CEF4_C_Par_0,Sell,25.00,4.3800,Limit,FAK,-1,
2025-04-29T07:00:37.802,SENT,BTEC_REPO_US,EGEI,SP25_91282CEF4_C_Par_0,Sell,25.00,4.3800,Limit,FAK,66,
2025-04-29T07:00:38.479,SEND,DEALERWEB_REPO,aslegerhard01,91282CEF4_20250429_20250430,Buy,25.00,4.4000,Limit,FAS,-1,
2025-04-29T07:00:38.479,SENT,DEALERWEB_REPO,aslegerhard01,91282CEF4_20250429_20250430,Buy,25.00,4.4000,Limit,FAS,67,
2025-04-29T07:00:38.479,SEND,BTEC_REPO_US,EGEI,SP25_91282CEF4_C_Par_0,Sell,25.00,4.3800,Limit,FAK,-1,
2025-04-29T07:00:38.479,SENT,BTEC_REPO_US,EGEI,SP25_91282CEF4_C_Par_0,Sell,25.00,4.3800,Limit,FAK,68,
2025-04-29T07:00:39.477,SEND,DEALERWEB_REPO,aslegerhard01,91282CEF4_20250429_20250430,Buy,25.00,4.4000,Limit,FAS,-1,
2025-04-29T07:00:39.478,SENT,DEALERWEB_REPO,aslegerhard01,91282CEF4_20250429_20250430,Buy,25.00,4.4000,Limit,FAS,69,
2025-04-29T07:00:39.478,SEND,BTEC_REPO_US,EGEI,SP25_91282CEF4_C_Par_0,Sell,25.00,4.3800,Limit,FAK,-1,
2025-04-29T07:00:39.478,SENT,BTEC_REPO_US,EGEI,SP25_91282CEF4_C_Par_0,Sell,25.00,4.3800,Limit,FAK,70,
2025-04-29T07:00:50.438,SEND,BTEC_REPO_US,EGEI,SP25_912797PP6_C_Par_0,Buy,25.00,4.3000,Limit,FAK,-1,
2025-04-29T07:00:50.439,SENT,BTEC_REPO_US,EGEI,SP25_912797PP6_C_Par_0,Buy,25.00,4.3000,Limit,FAK,71,
2025-04-29T07:00:50.439,SEND,BTEC_REPO_US,EGEI,SP25_912797PP6_C_Par_0_AON,Sell,19.00,4.2800,Limit,FOK,-1,
2025-04-29T07:00:50.439,SENT,BTEC_REPO_US,EGEI,SP25_912797PP6_C_Par_0_AON,Sell,19.00,4.2800,Limit,FOK,72,
2025-04-29T07:00:51.861,SEND,BTEC_REPO_US,EGEI,USP_912810UF3_C_Par_0,Buy,50.00,4.4400,Limit,FAK,-1,
2025-04-29T07:00:51.861,SENT,BTEC_REPO_US,EGEI,USP_912810UF3_C_Par_0,Buy,50.00,4.4400,Limit,FAK,73,
2025-04-29T07:00:51.861,SEND,BTEC_REPO_US,EGEI,USP_912810UF3_C_Par_0_AON,Sell,29.00,4.4200,Limit,FOK,-1,
2025-04-29T07:00:51.861,SENT,BTEC_REPO_US,EGEI,USP_912810UF3_C_Par_0_AON,Sell,29.00,4.4200,Limit,FOK,74,
2025-04-29T07:00:54.181,SEND,BTEC_REPO_US,EGEI,SP25_912797NW3_C_Par_0,Buy,25.00,4.3700,Limit,FAK,-1,
2025-04-29T07:00:54.181,SENT,BTEC_REPO_US,EGEI,SP25_912797NW3_C_Par_0,Buy,25.00,4.3700,Limit,FAK,75,
2025-04-29T07:00:54.181,SEND,BTEC_REPO_US,EGEI,SP25_912797NW3_C_Par_0_AON,Sell,14.00,4.3500,Limit,FOK,-1,
2025-04-29T07:00:54.182,SENT,BTEC_REPO_US,EGEI,SP25_912797NW3_C_Par_0_AON,Sell,14.00,4.3500,Limit,FOK,76,
2025-04-29T07:01:13.727,SEND,BTEC_REPO_US,EGEI,SP25_91282CBL4_C_Par_0,Buy,25.00,4.3900,Limit,FAK,-1,
2025-04-29T07:01:13.728,SENT,BTEC_REPO_US,EGEI,SP25_91282CBL4_C_Par_0,Buy,25.00,4.3900,Limit,FAK,77,
2025-04-29T07:01:13.728,SEND,DEALERWEB_REPO,aslegerhard01,91282CBL4_20250429_20250430,Sell,25.00,4.3700,Limit,FAS,-1,
2025-04-29T07:01:13.728,SENT,DEALERWEB_REPO,aslegerhard01,91282CBL4_20250429_20250430,Sell,25.00,4.3700,Limit,FAS,78,
2025-04-29T07:01:14.479,SEND,BTEC_REPO_US,EGEI,SP25_91282CBL4_C_Par_0,Buy,25.00,4.3900,Limit,FAK,-1,
2025-04-29T07:01:14.479,SENT,BTEC_REPO_US,EGEI,SP25_91282CBL4_C_Par_0,Buy,25.00,4.3900,Limit,FAK,79,
2025-04-29T07:01:14.479,SEND,DEALERWEB_REPO,aslegerhard01,91282CBL4_20250429_20250430,Sell,25.00,4.3700,Limit,FAS,-1,
2025-04-29T07:01:14.479,SENT,DEALERWEB_REPO,aslegerhard01,91282CBL4_20250429_20250430,Sell,25.00,4.3700,Limit,FAS,80,
2025-04-29T07:01:15.479,SEND,BTEC_REPO_US,EGEI,SP25_91282CBL4_C_Par_0,Buy,25.00,4.3900,Limit,FAK,-1,
2025-04-29T07:01:15.479,SENT,BTEC_REPO_US,EGEI,SP25_91282CBL4_C_Par_0,Buy,25.00,4.3900,Limit,FAK,81,
2025-04-29T07:01:15.479,SEND,DEALERWEB_REPO,aslegerhard01,91282CBL4_20250429_20250430,Sell,25.00,4.3700,Limit,FAS,-1,
2025-04-29T07:01:15.480,SENT,DEALERWEB_REPO,aslegerhard01,91282CBL4_20250429_20250430,Sell,25.00,4.3700,Limit,FAS,82,
2025-04-29T07:01:16.479,SEND,BTEC_REPO_US,EGEI,SP25_91282CBL4_C_Par_0,Buy,25.00,4.3900,Limit,FAK,-1,
2025-04-29T07:01:16.479,SENT,BTEC_REPO_US,EGEI,SP25_91282CBL4_C_Par_0,Buy,25.00,4.3900,Limit,FAK,83,
2025-04-29T07:01:16.479,SEND,DEALERWEB_REPO,aslegerhard01,91282CBL4_20250429_20250430,Sell,25.00,4.3700,Limit,FAS,-1,
2025-04-29T07:01:16.480,SENT,DEALERWEB_REPO,aslegerhard01,91282CBL4_20250429_20250430,Sell,25.00,4.3700,Limit,FAS,84,
2025-04-29T07:01:17.481,SEND,BTEC_REPO_US,EGEI,SP25_91282CBL4_C_Par_0,Buy,25.00,4.3900,Limit,FAK,-1,
2025-04-29T07:01:17.481,SENT,BTEC_REPO_US,EGEI,SP25_91282CBL4_C_Par_0,Buy,25.00,4.3900,Limit,FAK,85,
2025-04-29T07:01:17.481,SEND,DEALERWEB_REPO,aslegerhard01,91282CBL4_20250429_20250430,Sell,25.00,4.3700,Limit,FAS,-1,
2025-04-29T07:01:17.481,SENT,DEALERWEB_REPO,aslegerhard01,91282CBL4_20250429_20250430,Sell,25.00,4.3700,Limit,FAS,86,
2025-04-29T07:01:18.479,SEND,BTEC_REPO_US,EGEI,SP25_91282CBL4_C_Par_0,Buy,25.00,4.3900,Limit,FAK,-1,
2025-04-29T07:01:18.479,SENT,BTEC_REPO_US,EGEI,SP25_91282CBL4_C_Par_0,Buy,25.00,4.3900,Limit,FAK,87,
2025-04-29T07:01:18.479,SEND,DEALERWEB_REPO,aslegerhard01,91282CBL4_20250429_20250430,Sell,25.00,4.3700,Limit,FAS,-1,
2025-04-29T07:01:18.479,SENT,DEALERWEB_REPO,aslegerhard01,91282CBL4_20250429_20250430,Sell,25.00,4.3700,Limit,FAS,88,
2025-04-29T07:01:19.478,SEND,BTEC_REPO_US,EGEI,SP25_91282CBL4_C_Par_0,Buy,25.00,4.3900,Limit,FAK,-1,
2025-04-29T07:01:19.479,SENT,BTEC_REPO_US,EGEI,SP25_91282CBL4_C_Par_0,Buy,25.00,4.3900,Limit,FAK,89,
2025-04-29T07:01:19.479,SEND,DEALERWEB_REPO,aslegerhard01,91282CBL4_20250429_20250430,Sell,25.00,4.3700,Limit,FAS,-1,
2025-04-29T07:01:19.479,SENT,DEALERWEB_REPO,aslegerhard01,91282CBL4_20250429_20250430,Sell,25.00,4.3700,Limit,FAS,90,
2025-04-29T07:02:11.864,SEND,BTEC_REPO_US,EGEI,USP_912810UJ5_C_Par_0,Buy,50.00,4.2700,Limit,FAK,-1,
2025-04-29T07:02:11.864,SENT,BTEC_REPO_US,EGEI,USP_912810UJ5_C_Par_0,Buy,50.00,4.2700,Limit,FAK,91,
2025-04-29T07:02:11.864,SEND,BTEC_REPO_US,EGEI,USP_912810UJ5_C_Par_0_AON,Sell,29.00,4.2500,Limit,FOK,-1,
2025-04-29T07:02:11.864,SENT,BTEC_REPO_US,EGEI,USP_912810UJ5_C_Par_0_AON,Sell,29.00,4.2500,Limit,FOK,92,
2025-04-29T07:02:58.396,SEND,BTEC_REPO_US,EGEI,SP25_912797QJ9_C_Par_0,Buy,25.00,4.3500,Limit,FAK,-1,
2025-04-29T07:02:58.396,SENT,BTEC_REPO_US,EGEI,SP25_912797QJ9_C_Par_0,Buy,25.00,4.3500,Limit,FAK,93,
2025-04-29T07:02:58.396,SEND,BTEC_REPO_US,EGEI,SP25_912797QJ9_C_Par_0_AON,Sell,12.00,4.3300,Limit,FOK,-1,
2025-04-29T07:02:58.396,SENT,BTEC_REPO_US,EGEI,SP25_912797QJ9_C_Par_0_AON,Sell,12.00,4.3300,Limit,FOK,94,
2025-04-29T07:04:03.430,SEND,BTEC_REPO_US,EGEI,SP25_91282CBL4_C_Par_0,Buy,25.00,4.4200,Limit,FAK,-1,
2025-04-29T07:04:03.431,SENT,BTEC_REPO_US,EGEI,SP25_91282CBL4_C_Par_0,Buy,25.00,4.4200,Limit,FAK,95,
2025-04-29T07:04:03.431,SEND,DEALERWEB_REPO,aslegerhard01,91282CBL4_20250429_20250430,Sell,25.00,4.4000,Limit,FAS,-1,
2025-04-29T07:04:03.431,SENT,DEALERWEB_REPO,aslegerhard01,91282CBL4_20250429_20250430,Sell,25.00,4.4000,Limit,FAS,96,
2025-04-29T07:04:03.482,SEND,BTEC_REPO_US,EGEI,SP25_91282CBL4_C_Par_0,Buy,25.00,4.4200,Limit,FAK,-1,
2025-04-29T07:04:03.482,SENT,BTEC_REPO_US,EGEI,SP25_91282CBL4_C_Par_0,Buy,25.00,4.4200,Limit,FAK,97,
2025-04-29T07:04:03.482,SEND,DEALERWEB_REPO,aslegerhard01,91282CBL4_20250429_20250430,Sell,25.00,4.4000,Limit,FAS,-1,
2025-04-29T07:04:03.482,SENT,DEALERWEB_REPO,aslegerhard01,91282CBL4_20250429_20250430,Sell,25.00,4.4000,Limit,FAS,98,
2025-04-29T07:04:04.482,SEND,BTEC_REPO_US,EGEI,SP25_91282CBL4_C_Par_0,Buy,25.00,4.4200,Limit,FAK,-1,
2025-04-29T07:04:04.482,SENT,BTEC_REPO_US,EGEI,SP25_91282CBL4_C_Par_0,Buy,25.00,4.4200,Limit,FAK,99,
2025-04-29T07:04:04.482,SEND,DEALERWEB_REPO,aslegerhard01,91282CBL4_20250429_20250430,Sell,25.00,4.4000,Limit,FAS,-1,
2025-04-29T07:04:04.482,SENT,DEALERWEB_REPO,aslegerhard01,91282CBL4_20250429_20250430,Sell,25.00,4.4000,Limit,FAS,100,
2025-04-29T07:04:05.483,SEND,BTEC_REPO_US,EGEI,SP25_91282CBL4_C_Par_0,Buy,25.00,4.4200,Limit,FAK,-1,
2025-04-29T07:04:05.483,SENT,BTEC_REPO_US,EGEI,SP25_91282CBL4_C_Par_0,Buy,25.00,4.4200,Limit,FAK,101,
2025-04-29T07:04:05.483,SEND,DEALERWEB_REPO,aslegerhard01,91282CBL4_20250429_20250430,Sell,25.00,4.4000,Limit,FAS,-1,
2025-04-29T07:04:05.483,SENT,DEALERWEB_REPO,aslegerhard01,91282CBL4_20250429_20250430,Sell,25.00,4.4000,Limit,FAS,102,
2025-04-29T07:04:06.481,SEND,BTEC_REPO_US,EGEI,SP25_91282CBL4_C_Par_0,Buy,25.00,4.4200,Limit,FAK,-1,
2025-04-29T07:04:06.481,SENT,BTEC_REPO_US,EGEI,SP25_91282CBL4_C_Par_0,Buy,25.00,4.4200,Limit,FAK,103,
2025-04-29T07:04:06.481,SEND,DEALERWEB_REPO,aslegerhard01,91282CBL4_20250429_20250430,Sell,25.00,4.4000,Limit,FAS,-1,
2025-04-29T07:04:06.481,SENT,DEALERWEB_REPO,aslegerhard01,91282CBL4_20250429_20250430,Sell,25.00,4.4000,Limit,FAS,104,
2025-04-29T07:04:07.483,SEND,BTEC_REPO_US,EGEI,SP25_91282CBL4_C_Par_0,Buy,25.00,4.4200,Limit,FAK,-1,
2025-04-29T07:04:07.483,SENT,BTEC_REPO_US,EGEI,SP25_91282CBL4_C_Par_0,Buy,25.00,4.4200,Limit,FAK,105,
2025-04-29T07:04:07.483,SEND,DEALERWEB_REPO,aslegerhard01,91282CBL4_20250429_20250430,Sell,25.00,4.4000,Limit,FAS,-1,
2025-04-29T07:04:07.483,SENT,DEALERWEB_REPO,aslegerhard01,91282CBL4_20250429_20250430,Sell,25.00,4.4000,Limit,FAS,106,
2025-04-29T07:04:29.547,SEND,DEALERWEB_REPO,aslegerhard01,912810UD8_20250429_20250430,Buy,25.00,4.4200,Limit,FAS,-1,
2025-04-29T07:04:29.547,SENT,DEALERWEB_REPO,aslegerhard01,912810UD8_20250429_20250430,Buy,25.00,4.4200,Limit,FAS,107,
2025-04-29T07:04:29.547,SEND,BTEC_REPO_US,EGEI,SP25_912810UD8_C_Par_0,Sell,25.00,4.3900,Limit,FAK,-1,
2025-04-29T07:04:29.547,SENT,BTEC_REPO_US,EGEI,SP25_912810UD8_C_Par_0,Sell,25.00,4.3900,Limit,FAK,108,
2025-04-29T07:04:30.482,SEND,DEALERWEB_REPO,aslegerhard01,912810UD8_20250429_20250430,Buy,25.00,4.4200,Limit,FAS,-1,
2025-04-29T07:04:30.482,SENT,DEALERWEB_REPO,aslegerhard01,912810UD8_20250429_20250430,Buy,25.00,4.4200,Limit,FAS,109,
2025-04-29T07:04:30.482,SEND,BTEC_REPO_US,EGEI,SP25_912810UD8_C_Par_0,Sell,25.00,4.3900,Limit,FAK,-1,
2025-04-29T07:04:30.482,SENT,BTEC_REPO_US,EGEI,SP25_912810UD8_C_Par_0,Sell,25.00,4.3900,Limit,FAK,110,
2025-04-29T07:04:31.483,SEND,DEALERWEB_REPO,aslegerhard01,912810UD8_20250429_20250430,Buy,25.00,4.4200,Limit,FAS,-1,
2025-04-29T07:04:31.483,SENT,DEALERWEB_REPO,aslegerhard01,912810UD8_20250429_20250430,Buy,25.00,4.4200,Limit,FAS,111,
2025-04-29T07:04:31.484,SEND,BTEC_REPO_US,EGEI,SP25_912810UD8_C_Par_0,Sell,25.00,4.3900,Limit,FAK,-1,
2025-04-29T07:04:31.484,SENT,BTEC_REPO_US,EGEI,SP25_912810UD8_C_Par_0,Sell,25.00,4.3900,Limit,FAK,112,
2025-04-29T07:04:32.482,SEND,DEALERWEB_REPO,aslegerhard01,912810UD8_20250429_20250430,Buy,25.00,4.4200,Limit,FAS,-1,
2025-04-29T07:04:32.483,SENT,DEALERWEB_REPO,aslegerhard01,912810UD8_20250429_20250430,Buy,25.00,4.4200,Limit,FAS,113,
2025-04-29T07:04:32.483,SEND,BTEC_REPO_US,EGEI,SP25_912810UD8_C_Par_0,Sell,25.00,4.3900,Limit,FAK,-1,
2025-04-29T07:04:32.483,SENT,BTEC_REPO_US,EGEI,SP25_912810UD8_C_Par_0,Sell,25.00,4.3900,Limit,FAK,114,
2025-04-29T07:04:50.095,SEND,BTEC_REPO_US,EGEI,SP25_91282CLV1_C_Par_0,Buy,25.00,4.4100,Limit,FAK,-1,
2025-04-29T07:04:50.097,SENT,BTEC_REPO_US,EGEI,SP25_91282CLV1_C_Par_0,Buy,25.00,4.4100,Limit,FAK,115,
2025-04-29T07:04:50.097,SEND,DEALERWEB_REPO,aslegerhard01,91282CLV1_20250429_20250430,Sell,25.00,0.4100,Limit,FAS,-1,
2025-04-29T07:04:50.097,SENT,DEALERWEB_REPO,aslegerhard01,91282CLV1_20250429_20250430,Sell,25.00,0.4100,Limit,FAS,116,
2025-04-29T07:04:50.482,SEND,BTEC_REPO_US,EGEI,SP25_91282CLV1_C_Par_0,Buy,25.00,4.3900,Limit,FAK,-1,
2025-04-29T07:04:50.482,SENT,BTEC_REPO_US,EGEI,SP25_91282CLV1_C_Par_0,Buy,25.00,4.3900,Limit,FAK,117,
2025-04-29T07:04:50.482,SEND,DEALERWEB_REPO,aslegerhard01,91282CLV1_20250429_20250430,Sell,25.00,0.4100,Limit,FAS,-1,
2025-04-29T07:04:50.482,SENT,DEALERWEB_REPO,aslegerhard01,91282CLV1_20250429_20250430,Sell,25.00,0.4100,Limit,FAS,118,
2025-04-29T07:04:51.484,SEND,BTEC_REPO_US,EGEI,SP25_91282CLV1_C_Par_0,Buy,25.00,4.3900,Limit,FAK,-1,
2025-04-29T07:04:51.484,SENT,BTEC_REPO_US,EGEI,SP25_91282CLV1_C_Par_0,Buy,25.00,4.3900,Limit,FAK,119,
2025-04-29T07:04:51.484,SEND,DEALERWEB_REPO,aslegerhard01,91282CLV1_20250429_20250430,Sell,25.00,0.4100,Limit,FAS,-1,
2025-04-29T07:04:51.484,SENT,DEALERWEB_REPO,aslegerhard01,91282CLV1_20250429_20250430,Sell,25.00,0.4100,Limit,FAS,120,
2025-04-29T07:04:52.483,SEND,BTEC_REPO_US,EGEI,SP25_91282CLV1_C_Par_0,Buy,25.00,4.3900,Limit,FAK,-1,
2025-04-29T07:04:52.483,SENT,BTEC_REPO_US,EGEI,SP25_91282CLV1_C_Par_0,Buy,25.00,4.3900,Limit,FAK,121,
2025-04-29T07:04:52.483,SEND,DEALERWEB_REPO,aslegerhard01,91282CLV1_20250429_20250430,Sell,25.00,0.4100,Limit,FAS,-1,
2025-04-29T07:04:52.483,SENT,DEALERWEB_REPO,aslegerhard01,91282CLV1_20250429_20250430,Sell,25.00,0.4100,Limit,FAS,122,
2025-04-29T07:08:06.936,SEND,DEALERWEB_REPO,aslegerhard01,912810RW0_20250429_20250430,Buy,25.00,4.3900,Limit,FAS,-1,
2025-04-29T07:08:06.936,SENT,DEALERWEB_REPO,aslegerhard01,912810RW0_20250429_20250430,Buy,25.00,4.3900,Limit,FAS,123,
2025-04-29T07:08:06.936,SEND,BTEC_REPO_US,EGEI,SP25_912810RW0_C_Par_0,Sell,25.00,4.3700,Limit,FAK,-1,
2025-04-29T07:08:06.936,SENT,BTEC_REPO_US,EGEI,SP25_912810RW0_C_Par_0,Sell,25.00,4.3700,Limit,FAK,124,
2025-04-29T07:09:25.555,SEND,DEALERWEB_REPO,aslegerhard01,91282CGA3_20250429_20250430,Buy,25.00,4.1500,Limit,FAS,-1,
2025-04-29T07:09:25.555,SENT,DEALERWEB_REPO,aslegerhard01,91282CGA3_20250429_20250430,Buy,25.00,4.1500,Limit,FAS,125,
2025-04-29T07:09:25.555,SEND,BTEC_REPO_US,EGEI,SP25_91282CGA3_C_Par_0,Sell,25.00,4.1300,Limit,FAK,-1,
2025-04-29T07:09:25.555,SENT,BTEC_REPO_US,EGEI,SP25_91282CGA3_C_Par_0,Sell,25.00,4.1300,Limit,FAK,126,
2025-04-29T07:09:26.493,SEND,DEALERWEB_REPO,aslegerhard01,91282CGA3_20250429_20250430,Buy,25.00,4.1500,Limit,FAS,-1,
2025-04-29T07:09:26.493,SENT,DEALERWEB_REPO,aslegerhard01,91282CGA3_20250429_20250430,Buy,25.00,4.1500,Limit,FAS,127,
2025-04-29T07:09:26.493,SEND,BTEC_REPO_US,EGEI,SP25_91282CGA3_C_Par_0,Sell,25.00,4.1300,Limit,FAK,-1,
2025-04-29T07:09:26.494,SENT,BTEC_REPO_US,EGEI,SP25_91282CGA3_C_Par_0,Sell,25.00,4.1300,Limit,FAK,128,
2025-04-29T07:14:40.504,SEND,BTEC_REPO_US,EGEI,USP_91282CMR9_C_Par_0,Buy,50.00,4.3900,Limit,FAK,-1,
2025-04-29T07:14:40.504,SENT,BTEC_REPO_US,EGEI,USP_91282CMR9_C_Par_0,Buy,50.00,4.3900,Limit,FAK,129,
2025-04-29T07:14:40.504,SEND,BTEC_REPO_US,EGEI,USP_91282CMR9_C_Par_0_AON,Sell,25.00,4.3700,Limit,FOK,-1,
2025-04-29T07:14:40.505,SENT,BTEC_REPO_US,EGEI,USP_91282CMR9_C_Par_0_AON,Sell,25.00,4.3700,Limit,FOK,130,
2025-04-29T07:15:25.349,SEND,BTEC_REPO_US,EGEI,SP25_912810PS1_C_Par_0,Buy,25.00,4.3300,Limit,FAK,-1,
2025-04-29T07:15:25.349,SENT,BTEC_REPO_US,EGEI,SP25_912810PS1_C_Par_0,Buy,25.00,4.3300,Limit,FAK,131,
2025-04-29T07:15:25.349,SEND,DEALERWEB_REPO,aslegerhard01,912810PS1_20250429_20250430,Sell,25.00,4.3100,Limit,FAS,-1,
2025-04-29T07:15:25.349,SENT,DEALERWEB_REPO,aslegerhard01,912810PS1_20250429_20250430,Sell,25.00,4.3100,Limit,FAS,132,
2025-04-29T07:22:07.809,SEND,BTEC_REPO_US,EGEI,SP25_912828YS3_C_Par_0_AON,Buy,37.00,4.3500,Limit,FOK,-1,
2025-04-29T07:22:07.809,SENT,BTEC_REPO_US,EGEI,SP25_912828YS3_C_Par_0_AON,Buy,37.00,4.3500,Limit,FOK,133,
2025-04-29T07:22:07.809,SEND,BTEC_REPO_US,EGEI,SP25_912828YS3_C_Par_0,Sell,25.00,4.3300,Limit,FAK,-1,
2025-04-29T07:22:07.809,SENT,BTEC_REPO_US,EGEI,SP25_912828YS3_C_Par_0,Sell,25.00,4.3300,Limit,FAK,134,
2025-04-29T07:22:57.476,SEND,BTEC_REPO_US,EGEI,USP_91282CMR9_C_Par_0,Buy,50.00,4.3900,Limit,FAK,-1,
2025-04-29T07:22:57.476,SENT,BTEC_REPO_US,EGEI,USP_91282CMR9_C_Par_0,Buy,50.00,4.3900,Limit,FAK,135,
2025-04-29T07:22:57.476,SEND,DEALERWEB_REPO,aslegerhard01,91282CMR9_20250429_20250430,Sell,25.00,4.3700,Limit,FAS,-1,
2025-04-29T07:22:57.476,SENT,DEALERWEB_REPO,aslegerhard01,91282CMR9_20250429_20250430,Sell,25.00,4.3700,Limit,FAS,136,
2025-04-29T07:29:27.720,SEND,BTEC_REPO_US,EGEI,SP25_912797PW1_C_Par_0,Buy,25.00,4.3900,Limit,FAK,-1,
2025-04-29T07:29:27.720,SENT,BTEC_REPO_US,EGEI,SP25_912797PW1_C_Par_0,Buy,25.00,4.3900,Limit,FAK,137,
2025-04-29T07:29:27.720,SEND,BTEC_REPO_US,EGEI,SP25_912797PW1_C_Par_0_AON,Sell,10.00,4.3500,Limit,FOK,-1,
2025-04-29T07:29:27.720,SENT,BTEC_REPO_US,EGEI,SP25_912797PW1_C_Par_0_AON,Sell,10.00,4.3500,Limit,FOK,138,
2025-04-29T09:06:40.212,SEND,BTEC_REPO_US,EGEI,USP_91282CMV0_C_Par_0,Buy,50.00,4.3400,Limit,FAK,-1,
2025-04-29T09:06:40.212,SENT,BTEC_REPO_US,EGEI,USP_91282CMV0_C_Par_0,Buy,50.00,4.3400,Limit,FAK,139,
2025-04-29T09:06:40.212,SEND,DEALERWEB_REPO,aslegerhard01,91282CMV0_20250429_20250430_AON,Sell,5.00,4.3200,Limit,FAS,-1,
2025-04-29T09:06:40.212,SENT,DEALERWEB_REPO,aslegerhard01,91282CMV0_20250429_20250430_AON,Sell,5.00,4.3200,Limit,FAS,140,
2025-04-29T09:07:30.238,SEND,BTEC_REPO_US,EGEI,SP25_91282CJE2_C_Par_0,Buy,25.00,4.3200,Limit,FAK,-1,
2025-04-29T09:07:30.238,SENT,BTEC_REPO_US,EGEI,SP25_91282CJE2_C_Par_0,Buy,25.00,4.3200,Limit,FAK,141,
2025-04-29T09:07:30.238,SEND,DEALERWEB_REPO,aslegerhard01,91282CJE2_20250429_20250430_AON,Sell,5.00,4.3000,Limit,FAS,-1,
2025-04-29T09:07:30.238,SENT,DEALERWEB_REPO,aslegerhard01,91282CJE2_20250429_20250430_AON,Sell,5.00,4.3000,Limit,FAS,142,
2025-04-29T09:34:55.573,SEND,BTEC_REPO_US,EGEI,SP25_91282CFF3_C_Par_0,Buy,25.00,4.2900,Limit,FAK,-1,
2025-04-29T09:34:55.573,SENT,BTEC_REPO_US,EGEI,SP25_91282CFF3_C_Par_0,Buy,25.00,4.2900,Limit,FAK,143,
2025-04-29T09:34:55.573,SEND,DEALERWEB_REPO,aslegerhard01,91282CFF3_20250429_20250430_AON,Sell,5.00,4.2500,Limit,FAS,-1,
2025-04-29T09:34:55.573,SENT,DEALERWEB_REPO,aslegerhard01,91282CFF3_20250429_20250430_AON,Sell,5.00,4.2500,Limit,FAS,144,
2025-04-29T09:48:18.696,SEND,BTEC_REPO_US,EGEI,SP25_912828Y95_C_Par_0,Buy,25.00,4.2900,Limit,FAK,-1,
2025-04-29T09:48:18.697,SENT,BTEC_REPO_US,EGEI,SP25_912828Y95_C_Par_0,Buy,25.00,4.2900,Limit,FAK,145,
2025-04-29T09:48:18.697,SEND,DEALERWEB_REPO,aslegerhard01,912828Y95_20250429_20250430_AON,Sell,5.00,4.2500,Limit,FAS,-1,
2025-04-29T09:48:18.697,SENT,DEALERWEB_REPO,aslegerhard01,912828Y95_20250429_20250430_AON,Sell,5.00,4.2500,Limit,FAS,146,
2025-04-29T10:00:05.204,SEND,BTEC_REPO_US,EGEI,SP25_912797NE3_C_Par_0,Buy,25.00,4.2900,Limit,FAK,-1,
2025-04-29T10:00:05.204,SENT,BTEC_REPO_US,EGEI,SP25_912797NE3_C_Par_0,Buy,25.00,4.2900,Limit,FAK,147,
2025-04-29T10:00:05.204,SEND,BTEC_REPO_US,EGEI,SP25_912797NE3_C_Par_0_AON,Sell,5.00,4.2500,Limit,FOK,-1,
2025-04-29T10:00:05.204,SENT,BTEC_REPO_US,EGEI,SP25_912797NE3_C_Par_0_AON,Sell,5.00,4.2500,Limit,FOK,148,
2025-04-29T10:00:05.260,SEND,BTEC_REPO_US,EGEI,SP25_912797NE3_C_Par_0,Buy,25.00,4.2900,Limit,FAK,-1,
2025-04-29T10:00:05.260,SENT,BTEC_REPO_US,EGEI,SP25_912797NE3_C_Par_0,Buy,25.00,4.2900,Limit,FAK,149,
2025-04-29T10:00:05.260,SEND,BTEC_REPO_US,EGEI,SP25_912797NE3_C_Par_0_AON,Sell,5.00,4.2500,Limit,FOK,-1,
2025-04-29T10:00:05.261,SENT,BTEC_REPO_US,EGEI,SP25_912797NE3_C_Par_0_AON,Sell,5.00,4.2500,Limit,FOK,150,
2025-04-29T10:00:05.261,SEND,BTEC_REPO_US,EGEI,SP25_91282CKK6_C_Par_0_AON,Buy,9.00,4.3000,Limit,FOK,-1,
2025-04-29T10:00:05.261,SENT,BTEC_REPO_US,EGEI,SP25_91282CKK6_C_Par_0_AON,Buy,9.00,4.3000,Limit,FOK,151,
2025-04-29T10:00:05.261,SEND,BTEC_REPO_US,EGEI,SP25_91282CKK6_C_Par_0_AON,Sell,5.00,4.2500,Limit,FOK,-1,
2025-04-29T10:00:05.262,SENT,BTEC_REPO_US,EGEI,SP25_91282CKK6_C_Par_0_AON,Sell,5.00,4.2500,Limit,FOK,152,
2025-04-29T10:00:05.262,SEND,BTEC_REPO_US,EGEI,SP25_91282CKR1_C_Par_0,Buy,25.00,4.2800,Limit,FAK,-1,
2025-04-29T10:00:05.262,SENT,BTEC_REPO_US,EGEI,SP25_91282CKR1_C_Par_0,Buy,25.00,4.2800,Limit,FAK,153,
2025-04-29T10:00:05.262,SEND,BTEC_REPO_US,EGEI,SP25_91282CKR1_C_Par_0_AON,Sell,7.00,4.2500,Limit,FOK,-1,
2025-04-29T10:00:05.262,SENT,BTEC_REPO_US,EGEI,SP25_91282CKR1_C_Par_0_AON,Sell,7.00,4.2500,Limit,FOK,154,
2025-04-29T10:00:22.147,SEND,BTEC_REPO_US,EGEI,SP25_91282CMC2_C_Par_0_AON,Buy,7.00,4.2800,Limit,FOK,-1,
2025-04-29T10:00:22.147,SENT,BTEC_REPO_US,EGEI,SP25_91282CMC2_C_Par_0_AON,Buy,7.00,4.2800,Limit,FOK,155,
2025-04-29T10:00:22.147,SEND,BTEC_REPO_US,EGEI,SP25_91282CMC2_C_Par_0_AON,Sell,5.00,4.2500,Limit,FOK,-1,
2025-04-29T10:00:22.147,SENT,BTEC_REPO_US,EGEI,SP25_91282CMC2_C_Par_0_AON,Sell,5.00,4.2500,Limit,FOK,156,
2025-04-29T10:01:36.869,SEND,BTEC_REPO_US,EGEI,SP25_9128286X3_C_Par_0_AON,Buy,43.00,4.3200,Limit,FOK,-1,
2025-04-29T10:01:36.869,SENT,BTEC_REPO_US,EGEI,SP25_9128286X3_C_Par_0_AON,Buy,43.00,4.3200,Limit,FOK,157,
2025-04-29T10:01:36.869,SEND,BTEC_REPO_US,EGEI,SP25_9128286X3_C_Par_0,Sell,25.00,4.3000,Limit,FAK,-1,
2025-04-29T10:01:36.869,SENT,BTEC_REPO_US,EGEI,SP25_9128286X3_C_Par_0,Sell,25.00,4.3000,Limit,FAK,158,
2025-04-29T10:02:05.866,SEND,BTEC_REPO_US,EGEI,SP25_912797NU7_C_Par_0_AON,Buy,6.00,4.2600,Limit,FOK,-1,
2025-04-29T10:02:05.866,SENT,BTEC_REPO_US,EGEI,SP25_912797NU7_C_Par_0_AON,Buy,6.00,4.2600,Limit,FOK,159,
2025-04-29T10:02:05.866,SEND,BTEC_REPO_US,EGEI,SP25_912797NU7_C_Par_0_AON,Sell,5.00,4.2400,Limit,FOK,-1,
2025-04-29T10:02:05.866,SENT,BTEC_REPO_US,EGEI,SP25_912797NU7_C_Par_0_AON,Sell,5.00,4.2400,Limit,FOK,160,
2025-04-29T10:02:05.922,SEND,BTEC_REPO_US,EGEI,SP25_912797NU7_C_Par_0_AON,Buy,6.00,4.2600,Limit,FOK,-1,
2025-04-29T10:02:05.922,SENT,BTEC_REPO_US,EGEI,SP25_912797NU7_C_Par_0_AON,Buy,6.00,4.2600,Limit,FOK,161,
2025-04-29T10:02:05.922,SEND,BTEC_REPO_US,EGEI,SP25_912797NU7_C_Par_0_AON,Sell,5.00,4.2400,Limit,FOK,-1,
2025-04-29T10:02:05.922,SENT,BTEC_REPO_US,EGEI,SP25_912797NU7_C_Par_0_AON,Sell,5.00,4.2400,Limit,FOK,162,
2025-04-29T10:02:39.711,SEND,BTEC_REPO_US,EGEI,SP25_912797PG6_C_Par_0,Buy,25.00,4.1600,Limit,FAK,-1,
2025-04-29T10:02:39.711,SENT,BTEC_REPO_US,EGEI,SP25_912797PG6_C_Par_0,Buy,25.00,4.1600,Limit,FAK,163,
2025-04-29T10:02:39.711,SEND,BTEC_REPO_US,EGEI,SP25_912797PG6_C_Par_0_AON,Sell,5.00,4.1000,Limit,FOK,-1,
2025-04-29T10:02:39.711,SENT,BTEC_REPO_US,EGEI,SP25_912797PG6_C_Par_0_AON,Sell,5.00,4.1000,Limit,FOK,164,
2025-04-29T10:02:39.712,SEND,BTEC_REPO_US,EGEI,SP25_912797PR2_C_Par_0,Buy,25.00,4.2700,Limit,FAK,-1,
2025-04-29T10:02:39.712,SENT,BTEC_REPO_US,EGEI,SP25_912797PR2_C_Par_0,Buy,25.00,4.2700,Limit,FAK,165,
2025-04-29T10:02:39.712,SEND,BTEC_REPO_US,EGEI,SP25_912797PR2_C_Par_0_AON,Sell,5.00,4.2300,Limit,FOK,-1,
2025-04-29T10:02:39.712,SENT,BTEC_REPO_US,EGEI,SP25_912797PR2_C_Par_0_AON,Sell,5.00,4.2300,Limit,FOK,166,
2025-04-29T10:02:39.866,SEND,BTEC_REPO_US,EGEI,SP25_912828M56_C_Par_0_AON,Buy,26.00,4.3300,Limit,FOK,-1,
2025-04-29T10:02:39.866,SENT,BTEC_REPO_US,EGEI,SP25_912828M56_C_Par_0_AON,Buy,26.00,4.3300,Limit,FOK,167,
2025-04-29T10:02:39.866,SEND,BTEC_REPO_US,EGEI,SP25_912828M56_C_Par_0_AON,Sell,5.00,4.3100,Limit,FOK,-1,
2025-04-29T10:02:39.866,SENT,BTEC_REPO_US,EGEI,SP25_912828M56_C_Par_0_AON,Sell,5.00,4.3100,Limit,FOK,168,
2025-04-29T10:02:39.867,SEND,BTEC_REPO_US,EGEI,SP25_912828ZW3_C_Par_0_AON,Buy,10.00,4.3300,Limit,FOK,-1,
2025-04-29T10:02:39.867,SENT,BTEC_REPO_US,EGEI,SP25_912828ZW3_C_Par_0_AON,Buy,10.00,4.3300,Limit,FOK,169,
2025-04-29T10:02:39.867,SEND,BTEC_REPO_US,EGEI,SP25_912828ZW3_C_Par_0_AON,Sell,6.00,4.2900,Limit,FOK,-1,
2025-04-29T10:02:39.867,SENT,BTEC_REPO_US,EGEI,SP25_912828ZW3_C_Par_0_AON,Sell,6.00,4.2900,Limit,FOK,170,
2025-04-29T10:10:16.273,SEND,BTEC_REPO_US,EGEI,SP25_912797NL7_C_Par_0,Buy,25.00,4.1500,Limit,FAK,-1,
2025-04-29T10:10:16.274,SENT,BTEC_REPO_US,EGEI,SP25_912797NL7_C_Par_0,Buy,25.00,4.1500,Limit,FAK,171,
2025-04-29T10:10:16.274,SEND,BTEC_REPO_US,EGEI,SP25_912797NL7_C_Par_0_AON,Sell,5.00,4.1300,Limit,FOK,-1,
2025-04-29T10:10:16.274,SENT,BTEC_REPO_US,EGEI,SP25_912797NL7_C_Par_0_AON,Sell,5.00,4.1300,Limit,FOK,172,
2025-04-29T10:10:24.807,SEND,BTEC_REPO_US,EGEI,SP25_912797QJ9_C_Par_0_AON,Buy,13.00,4.2200,Limit,FOK,-1,
2025-04-29T10:10:24.807,SENT,BTEC_REPO_US,EGEI,SP25_912797QJ9_C_Par_0_AON,Buy,13.00,4.2200,Limit,FOK,173,
2025-04-29T10:10:24.807,SEND,BTEC_REPO_US,EGEI,SP25_912797QJ9_C_Par_0_AON,Sell,5.00,4.2000,Limit,FOK,-1,
2025-04-29T10:10:24.807,SENT,BTEC_REPO_US,EGEI,SP25_912797QJ9_C_Par_0_AON,Sell,5.00,4.2000,Limit,FOK,174,
2025-04-29T10:10:24.859,SEND,BTEC_REPO_US,EGEI,SP25_912797QJ9_C_Par_0_AON,Buy,13.00,4.2200,Limit,FOK,-1,
2025-04-29T10:10:24.859,SENT,BTEC_REPO_US,EGEI,SP25_912797QJ9_C_Par_0_AON,Buy,13.00,4.2200,Limit,FOK,175,
2025-04-29T10:10:24.859,SEND,BTEC_REPO_US,EGEI,SP25_912797QJ9_C_Par_0_AON,Sell,5.00,4.2000,Limit,FOK,-1,
2025-04-29T10:10:24.859,SENT,BTEC_REPO_US,EGEI,SP25_912797QJ9_C_Par_0_AON,Sell,5.00,4.2000,Limit,FOK,176,
2025-04-29T10:10:53.264,SEND,BTEC_REPO_US,EGEI,SP25_912797PP6_C_Par_0,Buy,25.00,4.1700,Limit,FAK,-1,
2025-04-29T10:10:53.264,SENT,BTEC_REPO_US,EGEI,SP25_912797PP6_C_Par_0,Buy,25.00,4.1700,Limit,FAK,177,
2025-04-29T10:10:53.264,SEND,BTEC_REPO_US,EGEI,SP25_912797PP6_C_Par_0_AON,Sell,5.00,4.1500,Limit,FOK,-1,
2025-04-29T10:10:53.264,SENT,BTEC_REPO_US,EGEI,SP25_912797PP6_C_Par_0_AON,Sell,5.00,4.1500,Limit,FOK,178,
2025-04-29T10:10:53.317,SEND,BTEC_REPO_US,EGEI,SP25_912797PP6_C_Par_0,Buy,25.00,4.1700,Limit,FAK,-1,
2025-04-29T10:10:53.317,SENT,BTEC_REPO_US,EGEI,SP25_912797PP6_C_Par_0,Buy,25.00,4.1700,Limit,FAK,179,
2025-04-29T10:10:53.317,SEND,BTEC_REPO_US,EGEI,SP25_912797PP6_C_Par_0_AON,Sell,5.00,4.1500,Limit,FOK,-1,
2025-04-29T10:10:53.318,SENT,BTEC_REPO_US,EGEI,SP25_912797PP6_C_Par_0_AON,Sell,5.00,4.1500,Limit,FOK,180,
2025-04-29T10:12:20.373,SEND,BTEC_REPO_US,EGEI,SP25_91282CES6_C_Par_0,Buy,25.00,4.3300,Limit,FAK,-1,
2025-04-29T10:12:20.374,SENT,BTEC_REPO_US,EGEI,SP25_91282CES6_C_Par_0,Buy,25.00,4.3300,Limit,FAK,181,
2025-04-29T10:12:20.374,SEND,BTEC_REPO_US,EGEI,SP25_91282CES6_C_Par_0_AON,Sell,5.00,4.3100,Limit,FOK,-1,
2025-04-29T10:12:20.374,SENT,BTEC_REPO_US,EGEI,SP25_91282CES6_C_Par_0_AON,Sell,5.00,4.3100,Limit,FOK,182,
2025-04-29T10:12:20.600,SEND,BTEC_REPO_US,EGEI,SP25_91282CES6_C_Par_0,Buy,25.00,4.3300,Limit,FAK,-1,
2025-04-29T10:12:20.601,SENT,BTEC_REPO_US,EGEI,SP25_91282CES6_C_Par_0,Buy,25.00,4.3300,Limit,FAK,183,
2025-04-29T10:12:20.601,SEND,BTEC_REPO_US,EGEI,SP25_91282CES6_C_Par_0_AON,Sell,5.00,4.3100,Limit,FOK,-1,
2025-04-29T10:12:20.601,SENT,BTEC_REPO_US,EGEI,SP25_91282CES6_C_Par_0_AON,Sell,5.00,4.3100,Limit,FOK,184,
2025-04-29T10:12:21.599,SEND,BTEC_REPO_US,EGEI,SP25_91282CES6_C_Par_0,Buy,25.00,4.3300,Limit,FAK,-1,
2025-04-29T10:12:21.599,SENT,BTEC_REPO_US,EGEI,SP25_91282CES6_C_Par_0,Buy,25.00,4.3300,Limit,FAK,185,
2025-04-29T10:12:21.599,SEND,BTEC_REPO_US,EGEI,SP25_91282CES6_C_Par_0_AON,Sell,5.00,4.3100,Limit,FOK,-1,
2025-04-29T10:12:21.599,SENT,BTEC_REPO_US,EGEI,SP25_91282CES6_C_Par_0_AON,Sell,5.00,4.3100,Limit,FOK,186,
2025-04-29T10:16:17.676,SEND,BTEC_REPO_US,EGEI,USP_91282CMP3_C_Par_0,Buy,50.00,4.3000,Limit,FAK,-1,
2025-04-29T10:16:17.676,SENT,BTEC_REPO_US,EGEI,USP_91282CMP3_C_Par_0,Buy,50.00,4.3000,Limit,FAK,187,
2025-04-29T10:16:17.676,SEND,BTEC_REPO_US,EGEI,USP_91282CMP3_C_Par_0_AON,Sell,10.00,4.2500,Limit,FOK,-1,
2025-04-29T10:16:17.676,SENT,BTEC_REPO_US,EGEI,USP_91282CMP3_C_Par_0_AON,Sell,10.00,4.2500,Limit,FOK,188,
2025-04-29T10:20:00.145,SEND,BTEC_REPO_US,EGEI,SP25_91282CML2_C_Par_0_AON,Buy,23.00,4.2700,Limit,FOK,-1,
2025-04-29T10:20:00.145,SENT,BTEC_REPO_US,EGEI,SP25_91282CML2_C_Par_0_AON,Buy,23.00,4.2700,Limit,FOK,189,
2025-04-29T10:20:00.145,SEND,BTEC_REPO_US,EGEI,SP25_91282CML2_C_Par_0_AON,Sell,10.00,4.2500,Limit,FOK,-1,
2025-04-29T10:20:00.145,SENT,BTEC_REPO_US,EGEI,SP25_91282CML2_C_Par_0_AON,Sell,10.00,4.2500,Limit,FOK,190,
2025-04-29T10:20:00.198,SEND,BTEC_REPO_US,EGEI,SP25_91282CML2_C_Par_0_AON,Buy,23.00,4.2700,Limit,FOK,-1,
2025-04-29T10:20:00.198,SENT,BTEC_REPO_US,EGEI,SP25_91282CML2_C_Par_0_AON,Buy,23.00,4.2700,Limit,FOK,191,
2025-04-29T10:20:00.198,SEND,BTEC_REPO_US,EGEI,SP25_91282CML2_C_Par_0_AON,Sell,10.00,4.2500,Limit,FOK,-1,
2025-04-29T10:20:00.198,SENT,BTEC_REPO_US,EGEI,SP25_91282CML2_C_Par_0_AON,Sell,10.00,4.2500,Limit,FOK,192,
2025-04-29T10:22:30.970,SEND,BTEC_REPO_US,EGEI,SP25_9128287B0_C_Par_0,Buy,25.00,4.2600,Limit,FAK,-1,
2025-04-29T10:22:30.970,SENT,BTEC_REPO_US,EGEI,SP25_9128287B0_C_Par_0,Buy,25.00,4.2600,Limit,FAK,193,
2025-04-29T10:22:30.970,SEND,BTEC_REPO_US,EGEI,SP25_9128287B0_C_Par_0_AON,Sell,5.00,4.2400,Limit,FOK,-1,
2025-04-29T10:22:30.970,SENT,BTEC_REPO_US,EGEI,SP25_9128287B0_C_Par_0_AON,Sell,5.00,4.2400,Limit,FOK,194,
2025-04-29T10:26:54.571,SEND,BTEC_REPO_US,EGEI,USP_91282CMU2_C_Par_0_AON,Buy,85.00,4.2700,Limit,FOK,-1,
2025-04-29T10:26:54.571,SENT,BTEC_REPO_US,EGEI,USP_91282CMU2_C_Par_0_AON,Buy,85.00,4.2700,Limit,FOK,195,
2025-04-29T10:26:54.571,SEND,BTEC_REPO_US,EGEI,USP_91282CMU2_C_Par_0_AON,Sell,10.00,4.2500,Limit,FOK,-1,
2025-04-29T10:26:54.571,SENT,BTEC_REPO_US,EGEI,USP_91282CMU2_C_Par_0_AON,Sell,10.00,4.2500,Limit,FOK,196,
2025-04-29T10:31:42.845,SEND,BTEC_REPO_US,EGEI,SP25_912810QE1_C_Par_0,Buy,25.00,4.2500,Limit,FAK,-1,
2025-04-29T10:31:42.846,SENT,BTEC_REPO_US,EGEI,SP25_912810QE1_C_Par_0,Buy,25.00,4.2500,Limit,FAK,197,
2025-04-29T10:31:42.846,SEND,BTEC_REPO_US,EGEI,SP25_912810QE1_C_Par_0_AON,Sell,5.00,4.2300,Limit,FOK,-1,
2025-04-29T10:31:42.846,SENT,BTEC_REPO_US,EGEI,SP25_912810QE1_C_Par_0_AON,Sell,5.00,4.2300,Limit,FOK,198,
2025-04-29T10:31:54.432,SEND,BTEC_REPO_US,EGEI,SP25_91282CLY5_C_Par_0,Buy,25.00,4.2500,Limit,FAK,-1,
2025-04-29T10:31:54.432,SENT,BTEC_REPO_US,EGEI,SP25_91282CLY5_C_Par_0,Buy,25.00,4.2500,Limit,FAK,199,
2025-04-29T10:31:54.432,SEND,BTEC_REPO_US,EGEI,SP25_91282CLY5_C_Par_0_AON,Sell,5.00,4.2000,Limit,FOK,-1,
2025-04-29T10:31:54.432,SENT,BTEC_REPO_US,EGEI,SP25_91282CLY5_C_Par_0_AON,Sell,5.00,4.2000,Limit,FOK,200,
2025-04-29T10:35:36.188,SEND,BTEC_REPO_US,EGEI,SP25_91282CHP9_C_Par_0,Buy,25.00,4.3300,Limit,FAK,-1,
2025-04-29T10:35:36.188,SENT,BTEC_REPO_US,EGEI,SP25_91282CHP9_C_Par_0,Buy,25.00,4.3300,Limit,FAK,201,
2025-04-29T10:35:36.188,SEND,BTEC_REPO_US,EGEI,SP25_91282CHP9_C_Par_0_AON,Sell,5.00,4.3100,Limit,FOK,-1,
2025-04-29T10:35:36.188,SENT,BTEC_REPO_US,EGEI,SP25_91282CHP9_C_Par_0_AON,Sell,5.00,4.3100,Limit,FOK,202,
2025-04-29T10:46:28.638,SEND,BTEC_REPO_US,EGEI,SP25_912797PN1_C_Par_0,Buy,25.00,4.1800,Limit,FAK,-1,
2025-04-29T10:46:28.638,SENT,BTEC_REPO_US,EGEI,SP25_912797PN1_C_Par_0,Buy,25.00,4.1800,Limit,FAK,203,
2025-04-29T10:46:28.638,SEND,BTEC_REPO_US,EGEI,SP25_912797PN1_C_Par_0_AON,Sell,5.00,4.1500,Limit,FOK,-1,
2025-04-29T10:46:28.638,SENT,BTEC_REPO_US,EGEI,SP25_912797PN1_C_Par_0_AON,Sell,5.00,4.1500,Limit,FOK,204,
2025-04-29T11:01:40.479,SEND,BTEC_REPO_US,EGEI,SP25_912810RL4_C_Par_0,Buy,25.00,4.2500,Limit,FAK,-1,
2025-04-29T11:01:40.479,SENT,BTEC_REPO_US,EGEI,SP25_912810RL4_C_Par_0,Buy,25.00,4.2500,Limit,FAK,205,
2025-04-29T11:01:40.479,SEND,BTEC_REPO_US,EGEI,SP25_912810RL4_C_Par_0_AON,Sell,5.00,4.2300,Limit,FOK,-1,
2025-04-29T11:01:40.479,SENT,BTEC_REPO_US,EGEI,SP25_912810RL4_C_Par_0_AON,Sell,5.00,4.2300,Limit,FOK,206,
2025-04-29T11:03:34.394,SEND,BTEC_REPO_US,EGEI,SP25_91282CHT1_C_Par_0,Buy,25.00,4.2700,Limit,FAK,-1,
2025-04-29T11:03:34.395,SENT,BTEC_REPO_US,EGEI,SP25_91282CHT1_C_Par_0,Buy,25.00,4.2700,Limit,FAK,207,
2025-04-29T11:03:34.395,SEND,BTEC_REPO_US,EGEI,SP25_91282CHT1_C_Par_0_AON,Sell,7.00,4.2500,Limit,FOK,-1,
2025-04-29T11:03:34.395,SENT,BTEC_REPO_US,EGEI,SP25_91282CHT1_C_Par_0_AON,Sell,7.00,4.2500,Limit,FOK,208,
2025-04-29T11:10:49.923,SEND,DEALERWEB_REPO,aslegerhard01,91282CBS9_20250430_20250501,Buy,25.00,4.4500,Limit,FAS,-1,
2025-04-29T11:10:49.923,SENT,DEALERWEB_REPO,aslegerhard01,91282CBS9_20250430_20250501,Buy,25.00,4.4500,Limit,FAS,209,
2025-04-29T11:10:49.923,SEND,DEALERWEB_REPO,aslegerhard01,91282CBS9_20250430_20250501_AON,Sell,5.00,4.4000,Limit,FAS,-1,
2025-04-29T11:10:49.923,SENT,DEALERWEB_REPO,aslegerhard01,91282CBS9_20250430_20250501_AON,Sell,5.00,4.4000,Limit,FAS,210,
2025-04-29T11:10:50.635,SEND,DEALERWEB_REPO,aslegerhard01,91282CBS9_20250430_20250501,Buy,25.00,4.4500,Limit,FAS,-1,
2025-04-29T11:10:50.635,SENT,DEALERWEB_REPO,aslegerhard01,91282CBS9_20250430_20250501,Buy,25.00,4.4500,Limit,FAS,211,
2025-04-29T11:10:50.636,SEND,DEALERWEB_REPO,aslegerhard01,91282CBS9_20250430_20250501_AON,Sell,20.00,4.4200,Limit,FAS,-1,
2025-04-29T11:10:50.636,SENT,DEALERWEB_REPO,aslegerhard01,91282CBS9_20250430_20250501_AON,Sell,20.00,4.4200,Limit,FAS,212,
2025-04-29T11:23:17.920,SEND,DEALERWEB_REPO,aslegerhard01,912810ST6_20250430_20250501,Buy,25.00,4.4000,Limit,FAS,-1,
2025-04-29T11:23:17.920,SENT,DEALERWEB_REPO,aslegerhard01,912810ST6_20250430_20250501,Buy,25.00,4.4000,Limit,FAS,213,
2025-04-29T11:23:17.920,SEND,DEALERWEB_REPO,aslegerhard01,912810ST6_20250430_20250501_AON,Sell,23.00,4.3700,Limit,FAS,-1,
2025-04-29T11:23:17.920,SENT,DEALERWEB_REPO,aslegerhard01,912810ST6_20250430_20250501_AON,Sell,23.00,4.3700,Limit,FAS,214,
2025-04-29T11:23:21.287,SEND,DEALERWEB_REPO,aslegerhard01,91282CEY3_20250430_20250501,Buy,25.00,4.4200,Limit,FAS,-1,
2025-04-29T11:23:21.288,SENT,DEALERWEB_REPO,aslegerhard01,91282CEY3_20250430_20250501,Buy,25.00,4.4200,Limit,FAS,215,
2025-04-29T11:23:21.288,SEND,DEALERWEB_REPO,aslegerhard01,91282CEY3_20250430_20250501_AON,Sell,14.00,4.3900,Limit,FAS,-1,
2025-04-29T11:23:21.288,SENT,DEALERWEB_REPO,aslegerhard01,91282CEY3_20250430_20250501_AON,Sell,14.00,4.3900,Limit,FAS,216,
2025-04-29T11:24:12.531,SEND,DEALERWEB_REPO,aslegerhard01,91282CBJ9_20250430_20250501,Buy,25.00,4.4600,Limit,FAS,-1,
2025-04-29T11:24:12.531,SENT,DEALERWEB_REPO,aslegerhard01,91282CBJ9_20250430_20250501,Buy,25.00,4.4600,Limit,FAS,217,
2025-04-29T11:24:12.531,SEND,DEALERWEB_REPO,aslegerhard01,91282CBJ9_20250430_20250501_AON,Sell,20.00,4.4300,Limit,FAS,-1,
2025-04-29T11:24:12.531,SENT,DEALERWEB_REPO,aslegerhard01,91282CBJ9_20250430_20250501_AON,Sell,20.00,4.4300,Limit,FAS,218,
2025-04-29T11:41:55.127,SEND,DEALERWEB_REPO,aslegerhard01,912810EZ7_20250430_20250501_AON,Buy,21.00,4.4300,Limit,FAS,-1,
2025-04-29T11:41:55.127,SENT,DEALERWEB_REPO,aslegerhard01,912810EZ7_20250430_20250501_AON,Buy,21.00,4.4300,Limit,FAS,219,
2025-04-29T11:41:55.127,SEND,DEALERWEB_REPO,aslegerhard01,912810EZ7_20250430_20250501_AON,Sell,5.00,4.3900,Limit,FAS,-1,
2025-04-29T11:41:55.127,SENT,DEALERWEB_REPO,aslegerhard01,912810EZ7_20250430_20250501_AON,Sell,5.00,4.3900,Limit,FAS,220,
2025-04-29T11:57:24.723,SEND,DEALERWEB_REPO,aslegerhard01,912810PU6_20250430_20250501,Buy,25.00,4.4400,Limit,FAS,-1,
2025-04-29T11:57:24.723,SENT,DEALERWEB_REPO,aslegerhard01,912810PU6_20250430_20250501,Buy,25.00,4.4400,Limit,FAS,221,
2025-04-29T11:57:24.723,SEND,DEALERWEB_REPO,aslegerhard01,912810PU6_20250430_20250501_AON,Sell,5.00,4.4000,Limit,FAS,-1,
2025-04-29T11:57:24.723,SENT,DEALERWEB_REPO,aslegerhard01,912810PU6_20250430_20250501_AON,Sell,5.00,4.4000,Limit,FAS,222,
2025-04-29T11:59:45.293,SEND,BTEC_REPO_US,EGEI,SP25_912797PG6_C_Par_0_AON,Buy,10.00,4.1700,Limit,FOK,-1,
2025-04-29T11:59:45.293,SENT,BTEC_REPO_US,EGEI,SP25_912797PG6_C_Par_0_AON,Buy,10.00,4.1700,Limit,FOK,223,
2025-04-29T11:59:45.293,SEND,BTEC_REPO_US,EGEI,SP25_912797PG6_C_Par_0_AON,Sell,5.00,4.1500,Limit,FOK,-1,
2025-04-29T11:59:45.293,SENT,BTEC_REPO_US,EGEI,SP25_912797PG6_C_Par_0_AON,Sell,5.00,4.1500,Limit,FOK,224,
2025-04-29T11:59:45.345,SEND,BTEC_REPO_US,EGEI,SP25_912797PG6_C_Par_0_AON,Buy,10.00,4.1700,Limit,FOK,-1,
2025-04-29T11:59:45.345,SENT,BTEC_REPO_US,EGEI,SP25_912797PG6_C_Par_0_AON,Buy,10.00,4.1700,Limit,FOK,225,
2025-04-29T11:59:45.345,SEND,BTEC_REPO_US,EGEI,SP25_912797PG6_C_Par_0_AON,Sell,5.00,4.1500,Limit,FOK,-1,
2025-04-29T11:59:45.345,SENT,BTEC_REPO_US,EGEI,SP25_912797PG6_C_Par_0_AON,Sell,5.00,4.1500,Limit,FOK,226,
2025-04-29T12:10:22.319,SEND,DEALERWEB_REPO,aslegerhard01,9128285N6_20250430_20250501,Buy,25.00,4.3100,Limit,FAS,-1,
2025-04-29T12:10:22.319,SENT,DEALERWEB_REPO,aslegerhard01,9128285N6_20250430_20250501,Buy,25.00,4.3100,Limit,FAS,227,
2025-04-29T12:10:22.319,SEND,DEALERWEB_REPO,aslegerhard01,9128285N6_20250430_20250501_AON,Sell,5.00,4.2600,Limit,FAS,-1,
2025-04-29T12:10:22.319,SENT,DEALERWEB_REPO,aslegerhard01,9128285N6_20250430_20250501_AON,Sell,5.00,4.2600,Limit,FAS,228,
2025-04-29T13:38:17.609,SEND,DEALERWEB_REPO,aslegerhard01,91282CMJ7_20250430_20250501,Buy,25.00,4.3800,Limit,FAS,-1,
2025-04-29T13:38:17.609,SENT,DEALERWEB_REPO,aslegerhard01,91282CMJ7_20250430_20250501,Buy,25.00,4.3800,Limit,FAS,229,
2025-04-29T13:38:17.609,SEND,DEALERWEB_REPO,aslegerhard01,91282CMJ7_20250430_20250501_AON,Sell,6.00,4.2900,Limit,FAS,-1,
2025-04-29T13:38:17.610,SENT,DEALERWEB_REPO,aslegerhard01,91282CMJ7_20250430_20250501_AON,Sell,6.00,4.2900,Limit,FAS,230,
2025-04-29T13:40:21.180,SEND,DEALERWEB_REPO,aslegerhard01,912810QU5_20250430_20250501,Buy,25.00,4.4400,Limit,FAS,-1,
2025-04-29T13:40:21.180,SENT,DEALERWEB_REPO,aslegerhard01,912810QU5_20250430_20250501,Buy,25.00,4.4400,Limit,FAS,231,
2025-04-29T13:40:21.180,SEND,DEALERWEB_REPO,aslegerhard01,912810QU5_20250430_20250501_AON,Sell,5.00,4.4000,Limit,FAS,-1,
2025-04-29T13:40:21.180,SENT,DEALERWEB_REPO,aslegerhard01,912810QU5_20250430_20250501_AON,Sell,5.00,4.4000,Limit,FAS,232,
2025-04-29T14:43:37.008,SEND,DEALERWEB_REPO,aslegerhard01,91282CHD6_20250430_20250501_AON,Buy,6.00,4.3900,Limit,FAS,-1,
2025-04-29T14:43:37.008,SENT,DEALERWEB_REPO,aslegerhard01,91282CHD6_20250430_20250501_AON,Buy,6.00,4.3900,Limit,FAS,233,
2025-04-29T14:43:37.008,SEND,DEALERWEB_REPO,aslegerhard01,91282CHD6_20250430_20250501_AON,Sell,5.00,4.3500,Limit,FAS,-1,
2025-04-29T14:43:37.010,SENT,DEALERWEB_REPO,aslegerhard01,91282CHD6_20250430_20250501_AON,Sell,5.00,4.3500,Limit,FAS,234,
