timestamp,operation,source,trader,instrumentId,direction,size,price,orderType,tif,requestId,orderId

2025-04-30T07:00:01.014,SEND,BTEC_REPO_US,EGEI,SP25_912797QF7_C_Par_0,Buy,25.00,4.4500,Limit,FAK,-1,
2025-04-30T07:00:01.029,SENT,BTEC_REPO_US,EGEI,SP25_912797QF7_C_Par_0,Buy,25.00,4.4500,Limit,FAK,1,
2025-04-30T07:00:01.030,SEND,BTEC_REPO_US,EGEI,SP25_912797QF7_C_Par_0_AON,Sell,10.00,4.4200,Limit,FOK,-1,
2025-04-30T07:00:01.031,SENT,BTEC_REPO_US,EGEI,SP25_912797QF7_C_Par_0_AON,Sell,10.00,4.4200,Limit,FOK,2,
2025-04-30T07:00:01.299,SEND,BTEC_REPO_US,EGEI,SP25_912797QF7_C_Par_0,Buy,25.00,4.4500,Limit,FAK,-1,
2025-04-30T07:00:01.300,SENT,BTEC_REPO_US,EGEI,SP25_912797QF7_C_Par_0,Buy,25.00,4.4500,Limit,FAK,3,
2025-04-30T07:00:01.300,SEND,BTEC_REPO_US,EGEI,SP25_912797QF7_C_Par_0_AON,Sell,10.00,4.4200,Limit,FOK,-1,
2025-04-30T07:00:01.300,SENT,BTEC_REPO_US,EGEI,SP25_912797QF7_C_Par_0_AON,Sell,10.00,4.4200,Limit,FOK,4,
2025-04-30T07:00:01.464,SEND,BTEC_REPO_US,EGEI,SP25_912797QF7_C_Par_0,Buy,25.00,4.4500,Limit,FAK,-1,
2025-04-30T07:00:01.465,SENT,BTEC_REPO_US,EGEI,SP25_912797QF7_C_Par_0,Buy,25.00,4.4500,Limit,FAK,5,
2025-04-30T07:00:01.465,SEND,BTEC_REPO_US,EGEI,SP25_912797QF7_C_Par_0_AON,Sell,10.00,4.4200,Limit,FOK,-1,
2025-04-30T07:00:01.465,SENT,BTEC_REPO_US,EGEI,SP25_912797QF7_C_Par_0_AON,Sell,10.00,4.4200,Limit,FOK,6,
2025-04-30T07:00:01.686,SEND,BTEC_REPO_US,EGEI,SP25_912797QF7_C_Par_0,Buy,25.00,4.4500,Limit,FAK,-1,
2025-04-30T07:00:01.687,SENT,BTEC_REPO_US,EGEI,SP25_912797QF7_C_Par_0,Buy,25.00,4.4500,Limit,FAK,7,
2025-04-30T07:00:01.687,SEND,BTEC_REPO_US,EGEI,SP25_912797QF7_C_Par_0_AON,Sell,10.00,4.4200,Limit,FOK,-1,
2025-04-30T07:00:01.687,SENT,BTEC_REPO_US,EGEI,SP25_912797QF7_C_Par_0_AON,Sell,10.00,4.4200,Limit,FOK,8,
2025-04-30T07:00:02.072,SEND,BTEC_REPO_US,EGEI,USP_912810UE6_C_Par_0_AON,Buy,57.00,4.4000,Limit,FOK,-1,
2025-04-30T07:00:02.073,SENT,BTEC_REPO_US,EGEI,USP_912810UE6_C_Par_0_AON,Buy,57.00,4.4000,Limit,FOK,9,
2025-04-30T07:00:02.073,SEND,BTEC_REPO_US,EGEI,USP_912810UE6_C_Par_0,Sell,50.00,4.3800,Limit,FAK,-1,
2025-04-30T07:00:02.073,SENT,BTEC_REPO_US,EGEI,USP_912810UE6_C_Par_0,Sell,50.00,4.3800,Limit,FAK,10,
2025-04-30T07:00:02.321,SEND,DEALERWEB_REPO,aslegerhard01,912797PC5_20250430_20250501,Buy,25.00,4.3400,Limit,FAS,-1,
2025-04-30T07:00:02.321,SENT,DEALERWEB_REPO,aslegerhard01,912797PC5_20250430_20250501,Buy,25.00,4.3400,Limit,FAS,11,
2025-04-30T07:00:02.321,SEND,BTEC_REPO_US,EGEI,SP25_912797PC5_C_Par_0,Sell,25.00,4.3100,Limit,FAK,-1,
2025-04-30T07:00:02.323,SENT,BTEC_REPO_US,EGEI,SP25_912797PC5_C_Par_0,Sell,25.00,4.3100,Limit,FAK,12,
2025-04-30T07:00:02.384,SEND,DEALERWEB_REPO,aslegerhard01,91282CEV9_20250430_20250501,Buy,25.00,4.4200,Limit,FAS,-1,
2025-04-30T07:00:02.384,SENT,DEALERWEB_REPO,aslegerhard01,91282CEV9_20250430_20250501,Buy,25.00,4.4200,Limit,FAS,13,
2025-04-30T07:00:02.384,SEND,BTEC_REPO_US,EGEI,SP25_91282CEV9_C_Par_0,Sell,25.00,4.4000,Limit,FAK,-1,
2025-04-30T07:00:02.385,SENT,BTEC_REPO_US,EGEI,SP25_91282CEV9_C_Par_0,Sell,25.00,4.4000,Limit,FAK,14,
2025-04-30T07:00:02.406,SEND,BTEC_REPO_US,EGEI,SP25_912810PW2_C_Par_0,Buy,25.00,4.4400,Limit,FAK,-1,
2025-04-30T07:00:02.407,SENT,BTEC_REPO_US,EGEI,SP25_912810PW2_C_Par_0,Buy,25.00,4.4400,Limit,FAK,15,
2025-04-30T07:00:02.408,SEND,DEALERWEB_REPO,aslegerhard01,912810PW2_20250430_20250501,Sell,25.00,4.4200,Limit,FAS,-1,
2025-04-30T07:00:02.409,SENT,DEALERWEB_REPO,aslegerhard01,912810PW2_20250430_20250501,Sell,25.00,4.4200,Limit,FAS,16,
2025-04-30T07:00:02.413,SEND,BTEC_REPO_US,EGEI,SP25_91282CEU1_C_Par_0,Buy,25.00,4.4400,Limit,FAK,-1,
2025-04-30T07:00:02.415,SENT,BTEC_REPO_US,EGEI,SP25_91282CEU1_C_Par_0,Buy,25.00,4.4400,Limit,FAK,17,
2025-04-30T07:00:02.415,SEND,DEALERWEB_REPO,aslegerhard01,91282CEU1_20250430_20250501,Sell,25.00,4.4100,Limit,FAS,-1,
2025-04-30T07:00:02.416,SENT,DEALERWEB_REPO,aslegerhard01,91282CEU1_20250430_20250501,Sell,25.00,4.4100,Limit,FAS,18,
2025-04-30T07:00:02.420,SEND,DEALERWEB_REPO,aslegerhard01,912797PQ4_20250430_20250501,Buy,25.00,4.3700,Limit,FAS,-1,
2025-04-30T07:00:02.422,SENT,DEALERWEB_REPO,aslegerhard01,912797PQ4_20250430_20250501,Buy,25.00,4.3700,Limit,FAS,19,
2025-04-30T07:00:02.423,SEND,BTEC_REPO_US,EGEI,SP25_912797PQ4_C_Par_0,Sell,25.00,4.3500,Limit,FAK,-1,
2025-04-30T07:00:02.425,SENT,BTEC_REPO_US,EGEI,SP25_912797PQ4_C_Par_0,Sell,25.00,4.3500,Limit,FAK,20,
2025-04-30T07:00:02.431,SEND,BTEC_REPO_US,EGEI,SP25_912797PW1_C_Par_0_AON,Buy,26.00,4.3700,Limit,FOK,-1,
2025-04-30T07:00:02.433,SENT,BTEC_REPO_US,EGEI,SP25_912797PW1_C_Par_0_AON,Buy,26.00,4.3700,Limit,FOK,21,
2025-04-30T07:00:02.433,SEND,BTEC_REPO_US,EGEI,SP25_912797PW1_C_Par_0,Sell,25.00,4.3500,Limit,FAK,-1,
2025-04-30T07:00:02.434,SENT,BTEC_REPO_US,EGEI,SP25_912797PW1_C_Par_0,Sell,25.00,4.3500,Limit,FAK,22,
2025-04-30T07:00:02.456,SEND,DEALERWEB_REPO,aslegerhard01,912810RV2_20250430_20250501,Buy,25.00,4.4400,Limit,FAS,-1,
2025-04-30T07:00:02.458,SENT,DEALERWEB_REPO,aslegerhard01,912810RV2_20250430_20250501,Buy,25.00,4.4400,Limit,FAS,23,
2025-04-30T07:00:02.458,SEND,BTEC_REPO_US,EGEI,SP25_912810RV2_C_Par_0,Sell,25.00,4.4000,Limit,FAK,-1,
2025-04-30T07:00:02.459,SENT,BTEC_REPO_US,EGEI,SP25_912810RV2_C_Par_0,Sell,25.00,4.4000,Limit,FAK,24,
2025-04-30T07:00:02.471,SEND,BTEC_REPO_US,EGEI,USP_912810UE6_C_Par_0_AON,Buy,57.00,4.4000,Limit,FOK,-1,
2025-04-30T07:00:02.472,SENT,BTEC_REPO_US,EGEI,USP_912810UE6_C_Par_0_AON,Buy,57.00,4.4000,Limit,FOK,25,
2025-04-30T07:00:02.472,SEND,BTEC_REPO_US,EGEI,USP_912810UE6_C_Par_0,Sell,50.00,4.3800,Limit,FAK,-1,
2025-04-30T07:00:02.473,SENT,BTEC_REPO_US,EGEI,USP_912810UE6_C_Par_0,Sell,50.00,4.3800,Limit,FAK,26,
2025-04-30T07:00:02.623,SEND,BTEC_REPO_US,EGEI,SP25_912810PW2_C_Par_0,Buy,25.00,4.4400,Limit,FAK,-1,
2025-04-30T07:00:02.623,SENT,BTEC_REPO_US,EGEI,SP25_912810PW2_C_Par_0,Buy,25.00,4.4400,Limit,FAK,27,
2025-04-30T07:00:02.623,SEND,DEALERWEB_REPO,aslegerhard01,912810PW2_20250430_20250501,Sell,25.00,4.4200,Limit,FAS,-1,
2025-04-30T07:00:02.624,SENT,DEALERWEB_REPO,aslegerhard01,912810PW2_20250430_20250501,Sell,25.00,4.4200,Limit,FAS,28,
2025-04-30T07:00:02.627,SEND,BTEC_REPO_US,EGEI,SP25_91282CEU1_C_Par_0,Buy,25.00,4.4400,Limit,FAK,-1,
2025-04-30T07:00:02.628,SENT,BTEC_REPO_US,EGEI,SP25_91282CEU1_C_Par_0,Buy,25.00,4.4400,Limit,FAK,29,
2025-04-30T07:00:02.628,SEND,DEALERWEB_REPO,aslegerhard01,91282CEU1_20250430_20250501,Sell,25.00,4.4100,Limit,FAS,-1,
2025-04-30T07:00:02.628,SENT,DEALERWEB_REPO,aslegerhard01,91282CEU1_20250430_20250501,Sell,25.00,4.4100,Limit,FAS,30,
2025-04-30T07:00:02.650,SEND,DEALERWEB_REPO,aslegerhard01,91282CMW8_20250430_20250501,Buy,50.00,4.4400,Limit,FAS,-1,
2025-04-30T07:00:02.650,SENT,DEALERWEB_REPO,aslegerhard01,91282CMW8_20250430_20250501,Buy,50.00,4.4400,Limit,FAS,31,
2025-04-30T07:00:02.650,SEND,BTEC_REPO_US,EGEI,USP_91282CMW8_C_Par_0,Sell,50.00,4.4200,Limit,FAK,-1,
2025-04-30T07:00:02.650,SENT,BTEC_REPO_US,EGEI,USP_91282CMW8_C_Par_0,Sell,50.00,4.4200,Limit,FAK,32,
2025-04-30T07:00:03.008,SEND,BTEC_REPO_US,EGEI,SP25_91282CLV1_C_Par_0,Buy,25.00,4.4400,Limit,FAK,-1,
2025-04-30T07:00:03.008,SENT,BTEC_REPO_US,EGEI,SP25_91282CLV1_C_Par_0,Buy,25.00,4.4400,Limit,FAK,33,
2025-04-30T07:00:03.008,SEND,DEALERWEB_REPO,aslegerhard01,91282CLV1_20250430_20250501,Sell,25.00,4.4200,Limit,FAS,-1,
2025-04-30T07:00:03.008,SENT,DEALERWEB_REPO,aslegerhard01,91282CLV1_20250430_20250501,Sell,25.00,4.4200,Limit,FAS,34,
2025-04-30T07:00:03.339,SEND,BTEC_REPO_US,EGEI,SP25_912797PR2_C_Par_0,Buy,25.00,4.3200,Limit,FAK,-1,
2025-04-30T07:00:03.339,SENT,BTEC_REPO_US,EGEI,SP25_912797PR2_C_Par_0,Buy,25.00,4.3200,Limit,FAK,35,
2025-04-30T07:00:03.339,SEND,BTEC_REPO_US,EGEI,SP25_912797PR2_C_Par_0_AON,Sell,10.00,4.3000,Limit,FOK,-1,
2025-04-30T07:00:03.339,SENT,BTEC_REPO_US,EGEI,SP25_912797PR2_C_Par_0_AON,Sell,10.00,4.3000,Limit,FOK,36,
2025-04-30T07:00:03.464,SEND,DEALERWEB_REPO,aslegerhard01,91282CMW8_20250430_20250501,Buy,50.00,4.4400,Limit,FAS,-1,
2025-04-30T07:00:03.464,SENT,DEALERWEB_REPO,aslegerhard01,91282CMW8_20250430_20250501,Buy,50.00,4.4400,Limit,FAS,37,
2025-04-30T07:00:03.464,SEND,BTEC_REPO_US,EGEI,USP_91282CMW8_C_Par_0,Sell,50.00,4.4200,Limit,FAK,-1,
2025-04-30T07:00:03.465,SENT,BTEC_REPO_US,EGEI,USP_91282CMW8_C_Par_0,Sell,50.00,4.4200,Limit,FAK,38,
2025-04-30T07:00:03.466,SEND,BTEC_REPO_US,EGEI,SP25_91282CLV1_C_Par_0,Buy,25.00,4.4400,Limit,FAK,-1,
2025-04-30T07:00:03.466,SENT,BTEC_REPO_US,EGEI,SP25_91282CLV1_C_Par_0,Buy,25.00,4.4400,Limit,FAK,39,
2025-04-30T07:00:03.466,SEND,DEALERWEB_REPO,aslegerhard01,91282CLV1_20250430_20250501,Sell,25.00,4.4200,Limit,FAS,-1,
2025-04-30T07:00:03.467,SENT,DEALERWEB_REPO,aslegerhard01,91282CLV1_20250430_20250501,Sell,25.00,4.4200,Limit,FAS,40,
2025-04-30T07:00:03.468,SEND,DEALERWEB_REPO,aslegerhard01,91282CEV9_20250430_20250501,Buy,25.00,4.4200,Limit,FAS,-1,
2025-04-30T07:00:03.468,SENT,DEALERWEB_REPO,aslegerhard01,91282CEV9_20250430_20250501,Buy,25.00,4.4200,Limit,FAS,41,
2025-04-30T07:00:03.468,SEND,BTEC_REPO_US,EGEI,SP25_91282CEV9_C_Par_0,Sell,25.00,4.4000,Limit,FAK,-1,
2025-04-30T07:00:03.469,SENT,BTEC_REPO_US,EGEI,SP25_91282CEV9_C_Par_0,Sell,25.00,4.4000,Limit,FAK,42,
2025-04-30T07:00:04.465,SEND,DEALERWEB_REPO,aslegerhard01,91282CMW8_20250430_20250501,Buy,50.00,4.4400,Limit,FAS,-1,
2025-04-30T07:00:04.466,SENT,DEALERWEB_REPO,aslegerhard01,91282CMW8_20250430_20250501,Buy,50.00,4.4400,Limit,FAS,43,
2025-04-30T07:00:04.466,SEND,BTEC_REPO_US,EGEI,USP_91282CMW8_C_Par_0,Sell,50.00,4.4200,Limit,FAK,-1,
2025-04-30T07:00:04.466,SENT,BTEC_REPO_US,EGEI,USP_91282CMW8_C_Par_0,Sell,50.00,4.4200,Limit,FAK,44,
2025-04-30T07:00:04.468,SEND,DEALERWEB_REPO,aslegerhard01,91282CEV9_20250430_20250501,Buy,25.00,4.4200,Limit,FAS,-1,
2025-04-30T07:00:04.468,SENT,DEALERWEB_REPO,aslegerhard01,91282CEV9_20250430_20250501,Buy,25.00,4.4200,Limit,FAS,45,
2025-04-30T07:00:04.468,SEND,BTEC_REPO_US,EGEI,SP25_91282CEV9_C_Par_0,Sell,25.00,4.4000,Limit,FAK,-1,
2025-04-30T07:00:04.469,SENT,BTEC_REPO_US,EGEI,SP25_91282CEV9_C_Par_0,Sell,25.00,4.4000,Limit,FAK,46,
2025-04-30T07:00:05.464,SEND,DEALERWEB_REPO,aslegerhard01,91282CMW8_20250430_20250501,Buy,50.00,4.4400,Limit,FAS,-1,
2025-04-30T07:00:05.465,SENT,DEALERWEB_REPO,aslegerhard01,91282CMW8_20250430_20250501,Buy,50.00,4.4400,Limit,FAS,47,
2025-04-30T07:00:05.465,SEND,BTEC_REPO_US,EGEI,USP_91282CMW8_C_Par_0,Sell,50.00,4.4200,Limit,FAK,-1,
2025-04-30T07:00:05.466,SENT,BTEC_REPO_US,EGEI,USP_91282CMW8_C_Par_0,Sell,50.00,4.4200,Limit,FAK,48,
2025-04-30T07:00:05.468,SEND,DEALERWEB_REPO,aslegerhard01,91282CEV9_20250430_20250501,Buy,25.00,4.4200,Limit,FAS,-1,
2025-04-30T07:00:05.469,SENT,DEALERWEB_REPO,aslegerhard01,91282CEV9_20250430_20250501,Buy,25.00,4.4200,Limit,FAS,49,
2025-04-30T07:00:05.469,SEND,BTEC_REPO_US,EGEI,SP25_91282CEV9_C_Par_0,Sell,25.00,4.4000,Limit,FAK,-1,
2025-04-30T07:00:05.469,SENT,BTEC_REPO_US,EGEI,SP25_91282CEV9_C_Par_0,Sell,25.00,4.4000,Limit,FAK,50,
2025-04-30T07:00:06.465,SEND,DEALERWEB_REPO,aslegerhard01,91282CMW8_20250430_20250501,Buy,50.00,4.4400,Limit,FAS,-1,
2025-04-30T07:00:06.465,SENT,DEALERWEB_REPO,aslegerhard01,91282CMW8_20250430_20250501,Buy,50.00,4.4400,Limit,FAS,51,
2025-04-30T07:00:06.466,SEND,BTEC_REPO_US,EGEI,USP_91282CMW8_C_Par_0,Sell,50.00,4.4200,Limit,FAK,-1,
2025-04-30T07:00:06.466,SENT,BTEC_REPO_US,EGEI,USP_91282CMW8_C_Par_0,Sell,50.00,4.4200,Limit,FAK,52,
2025-04-30T07:00:07.465,SEND,DEALERWEB_REPO,aslegerhard01,91282CMW8_20250430_20250501,Buy,50.00,4.4400,Limit,FAS,-1,
2025-04-30T07:00:07.465,SENT,DEALERWEB_REPO,aslegerhard01,91282CMW8_20250430_20250501,Buy,50.00,4.4400,Limit,FAS,53,
2025-04-30T07:00:07.466,SEND,BTEC_REPO_US,EGEI,USP_91282CMW8_C_Par_0,Sell,50.00,4.4200,Limit,FAK,-1,
2025-04-30T07:00:07.466,SENT,BTEC_REPO_US,EGEI,USP_91282CMW8_C_Par_0,Sell,50.00,4.4200,Limit,FAK,54,
2025-04-30T07:00:08.465,SEND,DEALERWEB_REPO,aslegerhard01,91282CMW8_20250430_20250501,Buy,50.00,4.4400,Limit,FAS,-1,
2025-04-30T07:00:08.465,SENT,DEALERWEB_REPO,aslegerhard01,91282CMW8_20250430_20250501,Buy,50.00,4.4400,Limit,FAS,55,
2025-04-30T07:00:08.465,SEND,BTEC_REPO_US,EGEI,USP_91282CMW8_C_Par_0,Sell,50.00,4.4200,Limit,FAK,-1,
2025-04-30T07:00:08.465,SENT,BTEC_REPO_US,EGEI,USP_91282CMW8_C_Par_0,Sell,50.00,4.4200,Limit,FAK,56,
2025-04-30T07:00:09.464,SEND,DEALERWEB_REPO,aslegerhard01,91282CMW8_20250430_20250501,Buy,50.00,4.4400,Limit,FAS,-1,
2025-04-30T07:00:09.465,SENT,DEALERWEB_REPO,aslegerhard01,91282CMW8_20250430_20250501,Buy,50.00,4.4400,Limit,FAS,57,
2025-04-30T07:00:09.465,SEND,BTEC_REPO_US,EGEI,USP_91282CMW8_C_Par_0,Sell,50.00,4.4200,Limit,FAK,-1,
2025-04-30T07:00:09.465,SENT,BTEC_REPO_US,EGEI,USP_91282CMW8_C_Par_0,Sell,50.00,4.4200,Limit,FAK,58,
2025-04-30T07:00:10.079,SEND,BTEC_REPO_US,EGEI,SP25_912797ND5_C_Par_0,Buy,25.00,4.3400,Limit,FAK,-1,
2025-04-30T07:00:10.080,SENT,BTEC_REPO_US,EGEI,SP25_912797ND5_C_Par_0,Buy,25.00,4.3400,Limit,FAK,59,
2025-04-30T07:00:10.080,SEND,BTEC_REPO_US,EGEI,SP25_912797ND5_C_Par_0_AON,Sell,10.00,4.2800,Limit,FOK,-1,
2025-04-30T07:00:10.080,SENT,BTEC_REPO_US,EGEI,SP25_912797ND5_C_Par_0_AON,Sell,10.00,4.2800,Limit,FOK,60,
2025-04-30T07:00:10.187,SEND,BTEC_REPO_US,EGEI,SP25_912797NE3_C_Par_0,Buy,25.00,4.4100,Limit,FAK,-1,
2025-04-30T07:00:10.187,SENT,BTEC_REPO_US,EGEI,SP25_912797NE3_C_Par_0,Buy,25.00,4.4100,Limit,FAK,61,
2025-04-30T07:00:10.187,SEND,BTEC_REPO_US,EGEI,SP25_912797NE3_C_Par_0_AON,Sell,10.00,4.3000,Limit,FOK,-1,
2025-04-30T07:00:10.187,SENT,BTEC_REPO_US,EGEI,SP25_912797NE3_C_Par_0_AON,Sell,10.00,4.3000,Limit,FOK,62,
2025-04-30T07:00:10.293,SEND,BTEC_REPO_US,EGEI,SP25_912797LB1_C_Par_0,Buy,25.00,4.3900,Limit,FAK,-1,
2025-04-30T07:00:10.293,SENT,BTEC_REPO_US,EGEI,SP25_912797LB1_C_Par_0,Buy,25.00,4.3900,Limit,FAK,63,
2025-04-30T07:00:10.293,SEND,BTEC_REPO_US,EGEI,SP25_912797LB1_C_Par_0_AON,Sell,10.00,4.2800,Limit,FOK,-1,
2025-04-30T07:00:10.294,SENT,BTEC_REPO_US,EGEI,SP25_912797LB1_C_Par_0_AON,Sell,10.00,4.2800,Limit,FOK,64,
2025-04-30T07:00:10.464,SEND,DEALERWEB_REPO,aslegerhard01,91282CMW8_20250430_20250501,Buy,50.00,4.4400,Limit,FAS,-1,
2025-04-30T07:00:10.464,SENT,DEALERWEB_REPO,aslegerhard01,91282CMW8_20250430_20250501,Buy,50.00,4.4400,Limit,FAS,65,
2025-04-30T07:00:10.464,SEND,BTEC_REPO_US,EGEI,USP_91282CMW8_C_Par_0,Sell,50.00,4.4200,Limit,FAK,-1,
2025-04-30T07:00:10.464,SENT,BTEC_REPO_US,EGEI,USP_91282CMW8_C_Par_0,Sell,50.00,4.4200,Limit,FAK,66,
2025-04-30T07:00:10.932,SEND,BTEC_REPO_US,EGEI,SP25_912797QK6_C_Par_0,Buy,25.00,4.4200,Limit,FAK,-1,
2025-04-30T07:00:10.932,SENT,BTEC_REPO_US,EGEI,SP25_912797QK6_C_Par_0,Buy,25.00,4.4200,Limit,FAK,67,
2025-04-30T07:00:10.933,SEND,BTEC_REPO_US,EGEI,SP25_912797QK6_C_Par_0_AON,Sell,10.00,4.3400,Limit,FOK,-1,
2025-04-30T07:00:10.933,SENT,BTEC_REPO_US,EGEI,SP25_912797QK6_C_Par_0_AON,Sell,10.00,4.3400,Limit,FOK,68,
2025-04-30T07:00:11.399,SEND,BTEC_REPO_US,EGEI,SP25_912797PM3_C_Par_0,Buy,25.00,4.3700,Limit,FAK,-1,
2025-04-30T07:00:11.399,SENT,BTEC_REPO_US,EGEI,SP25_912797PM3_C_Par_0,Buy,25.00,4.3700,Limit,FAK,69,
2025-04-30T07:00:11.400,SEND,BTEC_REPO_US,EGEI,SP25_912797PM3_C_Par_0_AON,Sell,10.00,4.3500,Limit,FOK,-1,
2025-04-30T07:00:11.400,SENT,BTEC_REPO_US,EGEI,SP25_912797PM3_C_Par_0_AON,Sell,10.00,4.3500,Limit,FOK,70,
2025-04-30T07:00:18.260,SEND,BTEC_REPO_US,EGEI,SP25_912797QB6_C_Par_0,Buy,25.00,4.3300,Limit,FAK,-1,
2025-04-30T07:00:18.260,SENT,BTEC_REPO_US,EGEI,SP25_912797QB6_C_Par_0,Buy,25.00,4.3300,Limit,FAK,71,
2025-04-30T07:00:18.260,SEND,BTEC_REPO_US,EGEI,SP25_912797QB6_C_Par_0_AON,Sell,17.00,4.2900,Limit,FOK,-1,
2025-04-30T07:00:18.260,SENT,BTEC_REPO_US,EGEI,SP25_912797QB6_C_Par_0_AON,Sell,17.00,4.2900,Limit,FOK,72,
2025-04-30T07:00:18.321,SEND,BTEC_REPO_US,EGEI,SP25_912797NV5_C_Par_0,Buy,25.00,4.4300,Limit,FAK,-1,
2025-04-30T07:00:18.321,SENT,BTEC_REPO_US,EGEI,SP25_912797NV5_C_Par_0,Buy,25.00,4.4300,Limit,FAK,73,
2025-04-30T07:00:18.321,SEND,BTEC_REPO_US,EGEI,SP25_912797NV5_C_Par_0_AON,Sell,14.00,4.3800,Limit,FOK,-1,
2025-04-30T07:00:18.322,SENT,BTEC_REPO_US,EGEI,SP25_912797NV5_C_Par_0_AON,Sell,14.00,4.3800,Limit,FOK,74,
2025-04-30T07:00:18.405,SEND,BTEC_REPO_US,EGEI,SP25_912797QG5_C_Par_0,Buy,25.00,4.4400,Limit,FAK,-1,
2025-04-30T07:00:18.405,SENT,BTEC_REPO_US,EGEI,SP25_912797QG5_C_Par_0,Buy,25.00,4.4400,Limit,FAK,75,
2025-04-30T07:00:18.405,SEND,DEALERWEB_REPO,aslegerhard01,912797QG5_20250430_20250501,Sell,25.00,4.4100,Limit,FAS,-1,
2025-04-30T07:00:18.405,SENT,DEALERWEB_REPO,aslegerhard01,912797QG5_20250430_20250501,Sell,25.00,4.4100,Limit,FAS,76,
2025-04-30T07:00:18.479,SEND,BTEC_REPO_US,EGEI,SP25_912810SL3_C_Par_0,Buy,25.00,4.4500,Limit,FAK,-1,
2025-04-30T07:00:18.479,SENT,BTEC_REPO_US,EGEI,SP25_912810SL3_C_Par_0,Buy,25.00,4.4500,Limit,FAK,77,
2025-04-30T07:00:18.479,SEND,DEALERWEB_REPO,aslegerhard01,912810SL3_20250430_20250501,Sell,25.00,4.4200,Limit,FAS,-1,
2025-04-30T07:00:18.479,SENT,DEALERWEB_REPO,aslegerhard01,912810SL3_20250430_20250501,Sell,25.00,4.4200,Limit,FAS,78,
2025-04-30T07:00:18.569,SEND,BTEC_REPO_US,EGEI,SP25_912797NX1_C_Par_0,Buy,25.00,4.3800,Limit,FAK,-1,
2025-04-30T07:00:18.569,SENT,BTEC_REPO_US,EGEI,SP25_912797NX1_C_Par_0,Buy,25.00,4.3800,Limit,FAK,79,
2025-04-30T07:00:18.569,SEND,BTEC_REPO_US,EGEI,SP25_912797NX1_C_Par_0_AON,Sell,10.00,4.3600,Limit,FOK,-1,
2025-04-30T07:00:18.569,SENT,BTEC_REPO_US,EGEI,SP25_912797NX1_C_Par_0_AON,Sell,10.00,4.3600,Limit,FOK,80,
2025-04-30T07:00:19.073,SEND,BTEC_REPO_US,EGEI,SP25_912797PJ0_C_Par_0,Buy,25.00,4.3500,Limit,FAK,-1,
2025-04-30T07:00:19.074,SENT,BTEC_REPO_US,EGEI,SP25_912797PJ0_C_Par_0,Buy,25.00,4.3500,Limit,FAK,81,
2025-04-30T07:00:19.074,SEND,DEALERWEB_REPO,aslegerhard01,912797PJ0_20250430_20250501,Sell,25.00,4.3300,Limit,FAS,-1,
2025-04-30T07:00:19.074,SENT,DEALERWEB_REPO,aslegerhard01,912797PJ0_20250430_20250501,Sell,25.00,4.3300,Limit,FAS,82,
2025-04-30T07:00:19.156,SEND,BTEC_REPO_US,EGEI,SP25_912797LB1_C_Par_0,Buy,25.00,4.4000,Limit,FAK,-1,
2025-04-30T07:00:19.157,SENT,BTEC_REPO_US,EGEI,SP25_912797LB1_C_Par_0,Buy,25.00,4.4000,Limit,FAK,83,
2025-04-30T07:00:19.157,SEND,BTEC_REPO_US,EGEI,SP25_912797LB1_C_Par_0_AON,Sell,16.00,4.3800,Limit,FOK,-1,
2025-04-30T07:00:19.157,SENT,BTEC_REPO_US,EGEI,SP25_912797LB1_C_Par_0_AON,Sell,16.00,4.3800,Limit,FOK,84,
2025-04-30T07:00:19.464,SEND,BTEC_REPO_US,EGEI,SP25_912797QG5_C_Par_0,Buy,25.00,4.4400,Limit,FAK,-1,
2025-04-30T07:00:19.465,SENT,BTEC_REPO_US,EGEI,SP25_912797QG5_C_Par_0,Buy,25.00,4.4400,Limit,FAK,85,
2025-04-30T07:00:19.465,SEND,DEALERWEB_REPO,aslegerhard01,912797QG5_20250430_20250501,Sell,25.00,4.4100,Limit,FAS,-1,
2025-04-30T07:00:19.465,SENT,DEALERWEB_REPO,aslegerhard01,912797QG5_20250430_20250501,Sell,25.00,4.4100,Limit,FAS,86,
2025-04-30T07:00:19.871,SEND,DEALERWEB_REPO,aslegerhard01,91282CJM4_20250430_20250501,Buy,25.00,4.4300,Limit,FAS,-1,
2025-04-30T07:00:19.872,SENT,DEALERWEB_REPO,aslegerhard01,91282CJM4_20250430_20250501,Buy,25.00,4.4300,Limit,FAS,87,
2025-04-30T07:00:19.872,SEND,BTEC_REPO_US,EGEI,SP25_91282CJM4_C_Par_0,Sell,25.00,4.4000,Limit,FAK,-1,
2025-04-30T07:00:19.872,SENT,BTEC_REPO_US,EGEI,SP25_91282CJM4_C_Par_0,Sell,25.00,4.4000,Limit,FAK,88,
2025-04-30T07:00:36.159,SEND,BTEC_REPO_US,EGEI,SP25_912797LW5_C_Par_0,Buy,25.00,4.3600,Limit,FAK,-1,
2025-04-30T07:00:36.159,SENT,BTEC_REPO_US,EGEI,SP25_912797LW5_C_Par_0,Buy,25.00,4.3600,Limit,FAK,89,
2025-04-30T07:00:36.159,SEND,BTEC_REPO_US,EGEI,SP25_912797LW5_C_Par_0_AON,Sell,10.00,4.3300,Limit,FOK,-1,
2025-04-30T07:00:36.159,SENT,BTEC_REPO_US,EGEI,SP25_912797LW5_C_Par_0_AON,Sell,10.00,4.3300,Limit,FOK,90,
2025-04-30T07:00:47.422,SEND,BTEC_REPO_US,EGEI,SP25_912797QD2_C_Par_0,Buy,25.00,4.4500,Limit,FAK,-1,
2025-04-30T07:00:47.422,SENT,BTEC_REPO_US,EGEI,SP25_912797QD2_C_Par_0,Buy,25.00,4.4500,Limit,FAK,91,
2025-04-30T07:00:47.422,SEND,DEALERWEB_REPO,aslegerhard01,912797QD2_20250430_20250501,Sell,25.00,4.4300,Limit,FAS,-1,
2025-04-30T07:00:47.422,SENT,DEALERWEB_REPO,aslegerhard01,912797QD2_20250430_20250501,Sell,25.00,4.4300,Limit,FAS,92,
2025-04-30T07:00:54.568,SEND,BTEC_REPO_US,EGEI,SP25_912797NX1_C_Par_0,Buy,25.00,4.4100,Limit,FAK,-1,
2025-04-30T07:00:54.568,SENT,BTEC_REPO_US,EGEI,SP25_912797NX1_C_Par_0,Buy,25.00,4.4100,Limit,FAK,93,
2025-04-30T07:00:54.568,SEND,BTEC_REPO_US,EGEI,SP25_912797NX1_C_Par_0_AON,Sell,13.00,4.3800,Limit,FOK,-1,
2025-04-30T07:00:54.568,SENT,BTEC_REPO_US,EGEI,SP25_912797NX1_C_Par_0_AON,Sell,13.00,4.3800,Limit,FOK,94,
2025-04-30T07:04:21.318,SEND,BTEC_REPO_US,EGEI,SP25_912810TM0_C_Par_0,Buy,25.00,4.4300,Limit,FAK,-1,
2025-04-30T07:04:21.318,SENT,BTEC_REPO_US,EGEI,SP25_912810TM0_C_Par_0,Buy,25.00,4.4300,Limit,FAK,95,
2025-04-30T07:04:21.318,SEND,DEALERWEB_REPO,aslegerhard01,912810TM0_20250430_20250501,Sell,25.00,4.4000,Limit,FAS,-1,
2025-04-30T07:04:21.318,SENT,DEALERWEB_REPO,aslegerhard01,912810TM0_20250430_20250501,Sell,25.00,4.4000,Limit,FAS,96,
2025-04-30T07:05:59.260,SEND,BTEC_REPO_US,EGEI,SP25_912797NA1_C_Par_0,Buy,25.00,3.7500,Limit,FAK,-1,
2025-04-30T07:05:59.260,SENT,BTEC_REPO_US,EGEI,SP25_912797NA1_C_Par_0,Buy,25.00,3.7500,Limit,FAK,97,
2025-04-30T07:05:59.260,SEND,BTEC_REPO_US,EGEI,SP25_912797NA1_C_Par_0_AON,Sell,10.00,3.7100,Limit,FOK,-1,
2025-04-30T07:05:59.260,SENT,BTEC_REPO_US,EGEI,SP25_912797NA1_C_Par_0_AON,Sell,10.00,3.7100,Limit,FOK,98,
2025-04-30T07:10:01.792,SEND,BTEC_REPO_US,EGEI,SP25_912797QG5_C_Par_0,Buy,25.00,4.4500,Limit,FAK,-1,
2025-04-30T07:10:01.793,SENT,BTEC_REPO_US,EGEI,SP25_912797QG5_C_Par_0,Buy,25.00,4.4500,Limit,FAK,99,
2025-04-30T07:10:01.793,SEND,BTEC_REPO_US,EGEI,SP25_912797QG5_C_Par_0_AON,Sell,10.00,4.4200,Limit,FOK,-1,
2025-04-30T07:10:01.793,SENT,BTEC_REPO_US,EGEI,SP25_912797QG5_C_Par_0_AON,Sell,10.00,4.4200,Limit,FOK,100,
2025-04-30T07:12:07.830,SEND,DEALERWEB_REPO,aslegerhard01,91282CJC6_20250430_20250501,Buy,25.00,4.4100,Limit,FAS,-1,
2025-04-30T07:12:07.830,SENT,DEALERWEB_REPO,aslegerhard01,91282CJC6_20250430_20250501,Buy,25.00,4.4100,Limit,FAS,101,
2025-04-30T07:12:07.830,SEND,BTEC_REPO_US,EGEI,SP25_91282CJC6_C_Par_0,Sell,25.00,4.3600,Limit,FAK,-1,
2025-04-30T07:12:07.830,SENT,BTEC_REPO_US,EGEI,SP25_91282CJC6_C_Par_0,Sell,25.00,4.3600,Limit,FAK,102,
2025-04-30T07:12:08.474,SEND,DEALERWEB_REPO,aslegerhard01,91282CJC6_20250430_20250501,Buy,25.00,4.4100,Limit,FAS,-1,
2025-04-30T07:12:08.475,SENT,DEALERWEB_REPO,aslegerhard01,91282CJC6_20250430_20250501,Buy,25.00,4.4100,Limit,FAS,103,
2025-04-30T07:12:08.475,SEND,BTEC_REPO_US,EGEI,SP25_91282CJC6_C_Par_0,Sell,25.00,4.3600,Limit,FAK,-1,
2025-04-30T07:12:08.475,SENT,BTEC_REPO_US,EGEI,SP25_91282CJC6_C_Par_0,Sell,25.00,4.3600,Limit,FAK,104,
2025-04-30T07:12:09.473,SEND,DEALERWEB_REPO,aslegerhard01,91282CJC6_20250430_20250501,Buy,25.00,4.4100,Limit,FAS,-1,
2025-04-30T07:12:09.473,SENT,DEALERWEB_REPO,aslegerhard01,91282CJC6_20250430_20250501,Buy,25.00,4.4100,Limit,FAS,105,
2025-04-30T07:12:09.474,SEND,BTEC_REPO_US,EGEI,SP25_91282CJC6_C_Par_0,Sell,25.00,4.3600,Limit,FAK,-1,
2025-04-30T07:12:09.474,SENT,BTEC_REPO_US,EGEI,SP25_91282CJC6_C_Par_0,Sell,25.00,4.3600,Limit,FAK,106,
2025-04-30T07:12:10.473,SEND,DEALERWEB_REPO,aslegerhard01,91282CJC6_20250430_20250501,Buy,25.00,4.4100,Limit,FAS,-1,
2025-04-30T07:12:10.473,SENT,DEALERWEB_REPO,aslegerhard01,91282CJC6_20250430_20250501,Buy,25.00,4.4100,Limit,FAS,107,
2025-04-30T07:12:10.473,SEND,BTEC_REPO_US,EGEI,SP25_91282CJC6_C_Par_0,Sell,25.00,4.3600,Limit,FAK,-1,
2025-04-30T07:12:10.473,SENT,BTEC_REPO_US,EGEI,SP25_91282CJC6_C_Par_0,Sell,25.00,4.3600,Limit,FAK,108,
2025-04-30T07:12:11.474,SEND,DEALERWEB_REPO,aslegerhard01,91282CJC6_20250430_20250501,Buy,25.00,4.4100,Limit,FAS,-1,
2025-04-30T07:12:11.475,SENT,DEALERWEB_REPO,aslegerhard01,91282CJC6_20250430_20250501,Buy,25.00,4.4100,Limit,FAS,109,
2025-04-30T07:12:11.475,SEND,BTEC_REPO_US,EGEI,SP25_91282CJC6_C_Par_0,Sell,25.00,4.3600,Limit,FAK,-1,
2025-04-30T07:12:11.475,SENT,BTEC_REPO_US,EGEI,SP25_91282CJC6_C_Par_0,Sell,25.00,4.3600,Limit,FAK,110,
2025-04-30T07:12:12.474,SEND,DEALERWEB_REPO,aslegerhard01,91282CJC6_20250430_20250501,Buy,25.00,4.4100,Limit,FAS,-1,
2025-04-30T07:12:12.474,SENT,DEALERWEB_REPO,aslegerhard01,91282CJC6_20250430_20250501,Buy,25.00,4.4100,Limit,FAS,111,
2025-04-30T07:12:12.474,SEND,BTEC_REPO_US,EGEI,SP25_91282CJC6_C_Par_0,Sell,25.00,4.3600,Limit,FAK,-1,
2025-04-30T07:12:12.474,SENT,BTEC_REPO_US,EGEI,SP25_91282CJC6_C_Par_0,Sell,25.00,4.3600,Limit,FAK,112,
2025-04-30T07:12:13.474,SEND,DEALERWEB_REPO,aslegerhard01,91282CJC6_20250430_20250501,Buy,25.00,4.4100,Limit,FAS,-1,
2025-04-30T07:12:13.475,SENT,DEALERWEB_REPO,aslegerhard01,91282CJC6_20250430_20250501,Buy,25.00,4.4100,Limit,FAS,113,
2025-04-30T07:12:13.475,SEND,BTEC_REPO_US,EGEI,SP25_91282CJC6_C_Par_0,Sell,25.00,4.3600,Limit,FAK,-1,
2025-04-30T07:12:13.475,SENT,BTEC_REPO_US,EGEI,SP25_91282CJC6_C_Par_0,Sell,25.00,4.3600,Limit,FAK,114,
2025-04-30T07:15:37.252,SEND,BTEC_REPO_US,EGEI,SP25_912797NX1_C_Par_0,Buy,25.00,4.4300,Limit,FAK,-1,
2025-04-30T07:15:37.252,SENT,BTEC_REPO_US,EGEI,SP25_912797NX1_C_Par_0,Buy,25.00,4.4300,Limit,FAK,115,
2025-04-30T07:15:37.252,SEND,BTEC_REPO_US,EGEI,SP25_912797NX1_C_Par_0_AON,Sell,10.00,4.3800,Limit,FOK,-1,
2025-04-30T07:15:37.252,SENT,BTEC_REPO_US,EGEI,SP25_912797NX1_C_Par_0_AON,Sell,10.00,4.3800,Limit,FOK,116,
2025-04-30T09:09:03.217,SEND,BTEC_REPO_US,EGEI,USP_91282CMZ1_C_Par_0,Buy,50.00,4.4400,Limit,FAK,-1,
2025-04-30T09:09:03.217,SENT,BTEC_REPO_US,EGEI,USP_91282CMZ1_C_Par_0,Buy,50.00,4.4400,Limit,FAK,117,
2025-04-30T09:09:03.217,SEND,DEALERWEB_REPO,aslegerhard01,91282CMZ1_20250430_20250501_AON,Sell,5.00,4.4000,Limit,FAS,-1,
2025-04-30T09:09:03.218,SENT,DEALERWEB_REPO,aslegerhard01,91282CMZ1_20250430_20250501_AON,Sell,5.00,4.4000,Limit,FAS,118,
2025-04-30T09:12:09.415,SEND,BTEC_REPO_US,EGEI,SP25_91282CKK6_C_Par_0,Buy,25.00,4.4400,Limit,FAK,-1,
2025-04-30T09:12:09.415,SENT,BTEC_REPO_US,EGEI,SP25_91282CKK6_C_Par_0,Buy,25.00,4.4400,Limit,FAK,119,
2025-04-30T09:12:09.415,SEND,DEALERWEB_REPO,aslegerhard01,91282CKK6_20250430_20250501_AON,Sell,10.00,4.4000,Limit,FAS,-1,
2025-04-30T09:12:09.415,SENT,DEALERWEB_REPO,aslegerhard01,91282CKK6_20250430_20250501_AON,Sell,10.00,4.4000,Limit,FAS,120,
2025-04-30T09:16:38.450,SEND,DEALERWEB_REPO,aslegerhard01,91282CEU1_20250501_20250502,Buy,25.00,4.4300,Limit,FAS,-1,
2025-04-30T09:16:38.450,SENT,DEALERWEB_REPO,aslegerhard01,91282CEU1_20250501_20250502,Buy,25.00,4.4300,Limit,FAS,121,
2025-04-30T09:16:38.450,SEND,DEALERWEB_REPO,aslegerhard01,91282CEU1_20250501_20250502_AON,Sell,5.00,4.3700,Limit,FAS,-1,
2025-04-30T09:16:38.450,SENT,DEALERWEB_REPO,aslegerhard01,91282CEU1_20250501_20250502_AON,Sell,5.00,4.3700,Limit,FAS,122,
2025-04-30T09:16:41.450,SEND,DEALERWEB_REPO,aslegerhard01,91282CKH3_20250501_20250502,Buy,25.00,4.4300,Limit,FAS,-1,
2025-04-30T09:16:41.450,SENT,DEALERWEB_REPO,aslegerhard01,91282CKH3_20250501_20250502,Buy,25.00,4.4300,Limit,FAS,123,
2025-04-30T09:16:41.450,SEND,DEALERWEB_REPO,aslegerhard01,91282CKH3_20250501_20250502_AON,Sell,5.00,4.3800,Limit,FAS,-1,
2025-04-30T09:16:41.450,SENT,DEALERWEB_REPO,aslegerhard01,91282CKH3_20250501_20250502_AON,Sell,5.00,4.3800,Limit,FAS,124,
2025-04-30T09:16:44.111,SEND,DEALERWEB_REPO,aslegerhard01,9128284R8_20250501_20250502,Buy,25.00,4.3600,Limit,FAS,-1,
2025-04-30T09:16:44.111,SENT,DEALERWEB_REPO,aslegerhard01,9128284R8_20250501_20250502,Buy,25.00,4.3600,Limit,FAS,125,
2025-04-30T09:16:44.111,SEND,DEALERWEB_REPO,aslegerhard01,9128284R8_20250501_20250502_AON,Sell,5.00,4.2900,Limit,FAS,-1,
2025-04-30T09:16:44.111,SENT,DEALERWEB_REPO,aslegerhard01,9128284R8_20250501_20250502_AON,Sell,5.00,4.2900,Limit,FAS,126,
2025-04-30T09:16:46.577,SEND,DEALERWEB_REPO,aslegerhard01,912828ZE3_20250501_20250502,Buy,25.00,4.4400,Limit,FAS,-1,
2025-04-30T09:16:46.578,SENT,DEALERWEB_REPO,aslegerhard01,912828ZE3_20250501_20250502,Buy,25.00,4.4400,Limit,FAS,127,
2025-04-30T09:16:46.578,SEND,DEALERWEB_REPO,aslegerhard01,912828ZE3_20250501_20250502_AON,Sell,5.00,4.3700,Limit,FAS,-1,
2025-04-30T09:16:46.578,SENT,DEALERWEB_REPO,aslegerhard01,912828ZE3_20250501_20250502_AON,Sell,5.00,4.3700,Limit,FAS,128,
2025-04-30T09:16:48.321,SEND,DEALERWEB_REPO,aslegerhard01,91282CEF4_20250501_20250502,Buy,25.00,4.4100,Limit,FAS,-1,
2025-04-30T09:16:48.321,SENT,DEALERWEB_REPO,aslegerhard01,91282CEF4_20250501_20250502,Buy,25.00,4.4100,Limit,FAS,129,
2025-04-30T09:16:48.321,SEND,DEALERWEB_REPO,aslegerhard01,91282CEF4_20250501_20250502_AON,Sell,5.00,4.3400,Limit,FAS,-1,
2025-04-30T09:16:48.321,SENT,DEALERWEB_REPO,aslegerhard01,91282CEF4_20250501_20250502_AON,Sell,5.00,4.3400,Limit,FAS,130,
2025-04-30T09:18:03.493,SEND,DEALERWEB_REPO,aslegerhard01,91282CAJ0_20250501_20250502,Buy,25.00,4.4100,Limit,FAS,-1,
2025-04-30T09:18:03.493,SENT,DEALERWEB_REPO,aslegerhard01,91282CAJ0_20250501_20250502,Buy,25.00,4.4100,Limit,FAS,131,
2025-04-30T09:18:03.493,SEND,DEALERWEB_REPO,aslegerhard01,91282CAJ0_20250501_20250502_AON,Sell,21.00,4.3800,Limit,FAS,-1,
2025-04-30T09:18:03.493,SENT,DEALERWEB_REPO,aslegerhard01,91282CAJ0_20250501_20250502_AON,Sell,21.00,4.3800,Limit,FAS,132,
2025-04-30T09:18:04.496,SEND,DEALERWEB_REPO,aslegerhard01,912810TD0_20250501_20250502,Buy,25.00,4.4100,Limit,FAS,-1,
2025-04-30T09:18:04.496,SENT,DEALERWEB_REPO,aslegerhard01,912810TD0_20250501_20250502,Buy,25.00,4.4100,Limit,FAS,133,
2025-04-30T09:18:04.496,SEND,DEALERWEB_REPO,aslegerhard01,912810TD0_20250501_20250502_AON,Sell,8.00,4.3500,Limit,FAS,-1,
2025-04-30T09:18:04.496,SENT,DEALERWEB_REPO,aslegerhard01,912810TD0_20250501_20250502_AON,Sell,8.00,4.3500,Limit,FAS,134,
2025-04-30T09:18:06.497,SEND,DEALERWEB_REPO,aslegerhard01,91282CBT7_20250501_20250502,Buy,25.00,4.4200,Limit,FAS,-1,
2025-04-30T09:18:06.497,SENT,DEALERWEB_REPO,aslegerhard01,91282CBT7_20250501_20250502,Buy,25.00,4.4200,Limit,FAS,135,
2025-04-30T09:18:06.498,SEND,DEALERWEB_REPO,aslegerhard01,91282CBT7_20250501_20250502_AON,Sell,12.00,4.3900,Limit,FAS,-1,
2025-04-30T09:18:06.498,SENT,DEALERWEB_REPO,aslegerhard01,91282CBT7_20250501_20250502_AON,Sell,12.00,4.3900,Limit,FAS,136,
2025-04-30T09:18:09.497,SEND,DEALERWEB_REPO,aslegerhard01,912828ZT0_20250501_20250502,Buy,25.00,4.4100,Limit,FAS,-1,
2025-04-30T09:18:09.497,SENT,DEALERWEB_REPO,aslegerhard01,912828ZT0_20250501_20250502,Buy,25.00,4.4100,Limit,FAS,137,
2025-04-30T09:18:09.497,SEND,DEALERWEB_REPO,aslegerhard01,912828ZT0_20250501_20250502_AON,Sell,17.00,4.3800,Limit,FAS,-1,
2025-04-30T09:18:09.497,SENT,DEALERWEB_REPO,aslegerhard01,912828ZT0_20250501_20250502_AON,Sell,17.00,4.3800,Limit,FAS,138,
2025-04-30T09:41:24.950,SEND,BTEC_REPO_US,EGEI,USP_91282CMY4_C_Par_0,Buy,50.00,4.4800,Limit,FAK,-1,
2025-04-30T09:41:24.950,SENT,BTEC_REPO_US,EGEI,USP_91282CMY4_C_Par_0,Buy,50.00,4.4800,Limit,FAK,139,
2025-04-30T09:41:24.951,SEND,DEALERWEB_REPO,aslegerhard01,91282CMY4_20250430_20250501_AON,Sell,10.00,4.4500,Limit,FAS,-1,
2025-04-30T09:41:24.951,SENT,DEALERWEB_REPO,aslegerhard01,91282CMY4_20250430_20250501_AON,Sell,10.00,4.4500,Limit,FAS,140,
2025-04-30T10:00:09.184,SEND,BTEC_REPO_US,EGEI,SP25_91282CKQ3_C_Par_0,Buy,25.00,4.4400,Limit,FAK,-1,
2025-04-30T10:00:09.184,SENT,BTEC_REPO_US,EGEI,SP25_91282CKQ3_C_Par_0,Buy,25.00,4.4400,Limit,FAK,141,
2025-04-30T10:00:09.184,SEND,BTEC_REPO_US,EGEI,SP25_91282CKQ3_C_Par_0_AON,Sell,10.00,4.4000,Limit,FOK,-1,
2025-04-30T10:00:09.184,SENT,BTEC_REPO_US,EGEI,SP25_91282CKQ3_C_Par_0_AON,Sell,10.00,4.4000,Limit,FOK,142,
2025-04-30T10:00:13.639,SEND,BTEC_REPO_US,EGEI,SP25_912828ZB9_C_Par_0,Buy,25.00,4.3900,Limit,FAK,-1,
2025-04-30T10:00:13.640,SENT,BTEC_REPO_US,EGEI,SP25_912828ZB9_C_Par_0,Buy,25.00,4.3900,Limit,FAK,143,
2025-04-30T10:00:13.640,SEND,BTEC_REPO_US,EGEI,SP25_912828ZB9_C_Par_0_AON,Sell,5.00,4.3500,Limit,FOK,-1,
2025-04-30T10:00:13.640,SENT,BTEC_REPO_US,EGEI,SP25_912828ZB9_C_Par_0_AON,Sell,5.00,4.3500,Limit,FOK,144,
2025-04-30T10:00:13.797,SEND,BTEC_REPO_US,EGEI,SP25_912810SH2_C_Par_0,Buy,25.00,4.3700,Limit,FAK,-1,
2025-04-30T10:00:13.797,SENT,BTEC_REPO_US,EGEI,SP25_912810SH2_C_Par_0,Buy,25.00,4.3700,Limit,FAK,145,
2025-04-30T10:00:13.797,SEND,BTEC_REPO_US,EGEI,SP25_912810SH2_C_Par_0_AON,Sell,10.00,4.3500,Limit,FOK,-1,
2025-04-30T10:00:13.797,SENT,BTEC_REPO_US,EGEI,SP25_912810SH2_C_Par_0_AON,Sell,10.00,4.3500,Limit,FOK,146,
2025-04-30T10:00:13.905,SEND,BTEC_REPO_US,EGEI,SP25_912810SS8_C_Par_0,Buy,25.00,4.3800,Limit,FAK,-1,
2025-04-30T10:00:13.905,SENT,BTEC_REPO_US,EGEI,SP25_912810SS8_C_Par_0,Buy,25.00,4.3800,Limit,FAK,147,
2025-04-30T10:00:13.905,SEND,BTEC_REPO_US,EGEI,SP25_912810SS8_C_Par_0_AON,Sell,10.00,4.3500,Limit,FOK,-1,
2025-04-30T10:00:13.905,SENT,BTEC_REPO_US,EGEI,SP25_912810SS8_C_Par_0_AON,Sell,10.00,4.3500,Limit,FOK,148,
2025-04-30T10:00:13.936,SEND,BTEC_REPO_US,EGEI,SP25_912810TN8_C_Par_0,Buy,25.00,4.3900,Limit,FAK,-1,
2025-04-30T10:00:13.936,SENT,BTEC_REPO_US,EGEI,SP25_912810TN8_C_Par_0,Buy,25.00,4.3900,Limit,FAK,149,
2025-04-30T10:00:13.936,SEND,BTEC_REPO_US,EGEI,SP25_912810TN8_C_Par_0_AON,Sell,5.00,4.3500,Limit,FOK,-1,
2025-04-30T10:00:13.936,SENT,BTEC_REPO_US,EGEI,SP25_912810TN8_C_Par_0_AON,Sell,5.00,4.3500,Limit,FOK,150,
2025-04-30T10:00:15.015,SEND,BTEC_REPO_US,EGEI,SP25_912797PK7_C_Par_0_AON,Buy,14.00,4.4700,Limit,FOK,-1,
2025-04-30T10:00:15.015,SENT,BTEC_REPO_US,EGEI,SP25_912797PK7_C_Par_0_AON,Buy,14.00,4.4700,Limit,FOK,151,
2025-04-30T10:00:15.015,SEND,BTEC_REPO_US,EGEI,SP25_912797PK7_C_Par_0_AON,Sell,5.00,4.4500,Limit,FOK,-1,
2025-04-30T10:00:15.015,SENT,BTEC_REPO_US,EGEI,SP25_912797PK7_C_Par_0_AON,Sell,5.00,4.4500,Limit,FOK,152,
2025-04-30T10:00:21.819,SEND,BTEC_REPO_US,EGEI,SP25_912797PZ4_C_Par_0_AON,Buy,10.00,4.3800,Limit,FOK,-1,
2025-04-30T10:00:21.819,SENT,BTEC_REPO_US,EGEI,SP25_912797PZ4_C_Par_0_AON,Buy,10.00,4.3800,Limit,FOK,153,
2025-04-30T10:00:21.819,SEND,BTEC_REPO_US,EGEI,SP25_912797PZ4_C_Par_0_AON,Sell,5.00,4.3500,Limit,FOK,-1,
2025-04-30T10:00:21.819,SENT,BTEC_REPO_US,EGEI,SP25_912797PZ4_C_Par_0_AON,Sell,5.00,4.3500,Limit,FOK,154,
2025-04-30T10:01:26.870,SEND,BTEC_REPO_US,EGEI,USP_912810UJ5_C_Par_0,Buy,50.00,4.4500,Limit,FAK,-1,
2025-04-30T10:01:26.870,SENT,BTEC_REPO_US,EGEI,USP_912810UJ5_C_Par_0,Buy,50.00,4.4500,Limit,FAK,155,
2025-04-30T10:01:26.871,SEND,BTEC_REPO_US,EGEI,USP_912810UJ5_C_Par_0_AON,Sell,10.00,4.4200,Limit,FOK,-1,
2025-04-30T10:01:26.871,SENT,BTEC_REPO_US,EGEI,USP_912810UJ5_C_Par_0_AON,Sell,10.00,4.4200,Limit,FOK,156,
2025-04-30T10:01:38.921,SEND,BTEC_REPO_US,EGEI,SP25_912797PU5_C_Par_0_AON,Buy,13.00,4.3900,Limit,FOK,-1,
2025-04-30T10:01:38.921,SENT,BTEC_REPO_US,EGEI,SP25_912797PU5_C_Par_0_AON,Buy,13.00,4.3900,Limit,FOK,157,
2025-04-30T10:01:38.921,SEND,BTEC_REPO_US,EGEI,SP25_912797PU5_C_Par_0_AON,Sell,5.00,4.3300,Limit,FOK,-1,
2025-04-30T10:01:38.921,SENT,BTEC_REPO_US,EGEI,SP25_912797PU5_C_Par_0_AON,Sell,5.00,4.3300,Limit,FOK,158,
2025-04-30T10:01:38.922,SEND,BTEC_REPO_US,EGEI,SP25_912797QJ9_C_Par_0,Buy,25.00,4.4100,Limit,FAK,-1,
2025-04-30T10:01:38.922,SENT,BTEC_REPO_US,EGEI,SP25_912797QJ9_C_Par_0,Buy,25.00,4.4100,Limit,FAK,159,
2025-04-30T10:01:38.922,SEND,BTEC_REPO_US,EGEI,SP25_912797QJ9_C_Par_0_AON,Sell,6.00,4.3500,Limit,FOK,-1,
2025-04-30T10:01:38.922,SENT,BTEC_REPO_US,EGEI,SP25_912797QJ9_C_Par_0_AON,Sell,6.00,4.3500,Limit,FOK,160,
2025-04-30T10:02:41.518,SEND,BTEC_REPO_US,EGEI,SP25_912810QF8_C_Par_0_AON,Buy,10.00,4.4000,Limit,FOK,-1,
2025-04-30T10:02:41.518,SENT,BTEC_REPO_US,EGEI,SP25_912810QF8_C_Par_0_AON,Buy,10.00,4.4000,Limit,FOK,161,
2025-04-30T10:02:41.518,SEND,BTEC_REPO_US,EGEI,SP25_912810QF8_C_Par_0_AON,Sell,5.00,4.3700,Limit,FOK,-1,
2025-04-30T10:02:41.519,SENT,BTEC_REPO_US,EGEI,SP25_912810QF8_C_Par_0_AON,Sell,5.00,4.3700,Limit,FOK,162,
2025-04-30T10:06:21.508,SEND,BTEC_REPO_US,EGEI,SP25_91282CJL6_C_Par_0_AON,Buy,8.00,4.4300,Limit,FOK,-1,
2025-04-30T10:06:21.508,SENT,BTEC_REPO_US,EGEI,SP25_91282CJL6_C_Par_0_AON,Buy,8.00,4.4300,Limit,FOK,163,
2025-04-30T10:06:21.508,SEND,BTEC_REPO_US,EGEI,SP25_91282CJL6_C_Par_0_AON,Sell,5.00,4.4000,Limit,FOK,-1,
2025-04-30T10:06:21.508,SENT,BTEC_REPO_US,EGEI,SP25_91282CJL6_C_Par_0_AON,Sell,5.00,4.4000,Limit,FOK,164,
2025-04-30T10:06:52.844,SEND,BTEC_REPO_US,EGEI,SP25_912810SQ2_C_Par_0,Buy,25.00,4.4700,Limit,FAK,-1,
2025-04-30T10:06:52.844,SENT,BTEC_REPO_US,EGEI,SP25_912810SQ2_C_Par_0,Buy,25.00,4.4700,Limit,FAK,165,
2025-04-30T10:06:52.844,SEND,BTEC_REPO_US,EGEI,SP25_912810SQ2_C_Par_0_AON,Sell,10.00,4.4500,Limit,FOK,-1,
2025-04-30T10:06:52.844,SENT,BTEC_REPO_US,EGEI,SP25_912810SQ2_C_Par_0_AON,Sell,10.00,4.4500,Limit,FOK,166,
2025-04-30T10:06:52.847,SEND,BTEC_REPO_US,EGEI,SP25_912828YX2_C_Par_0,Buy,25.00,4.4700,Limit,FAK,-1,
2025-04-30T10:06:52.847,SENT,BTEC_REPO_US,EGEI,SP25_912828YX2_C_Par_0,Buy,25.00,4.4700,Limit,FAK,167,
2025-04-30T10:06:52.847,SEND,BTEC_REPO_US,EGEI,SP25_912828YX2_C_Par_0_AON,Sell,15.00,4.4100,Limit,FOK,-1,
2025-04-30T10:06:52.847,SENT,BTEC_REPO_US,EGEI,SP25_912828YX2_C_Par_0_AON,Sell,15.00,4.4100,Limit,FOK,168,
2025-04-30T10:06:52.848,SEND,BTEC_REPO_US,EGEI,SP25_91282CFC0_C_Par_0,Buy,25.00,4.4700,Limit,FAK,-1,
2025-04-30T10:06:52.848,SENT,BTEC_REPO_US,EGEI,SP25_91282CFC0_C_Par_0,Buy,25.00,4.4700,Limit,FAK,169,
2025-04-30T10:06:52.848,SEND,BTEC_REPO_US,EGEI,SP25_91282CFC0_C_Par_0_AON,Sell,5.00,4.4000,Limit,FOK,-1,
2025-04-30T10:06:52.848,SENT,BTEC_REPO_US,EGEI,SP25_91282CFC0_C_Par_0_AON,Sell,5.00,4.4000,Limit,FOK,170,
2025-04-30T10:06:52.998,SEND,BTEC_REPO_US,EGEI,SP25_91282CHQ7_C_Par_0,Buy,25.00,4.4500,Limit,FAK,-1,
2025-04-30T10:06:52.998,SENT,BTEC_REPO_US,EGEI,SP25_91282CHQ7_C_Par_0,Buy,25.00,4.4500,Limit,FAK,171,
2025-04-30T10:06:52.998,SEND,BTEC_REPO_US,EGEI,SP25_91282CHQ7_C_Par_0_AON,Sell,6.00,4.4000,Limit,FOK,-1,
2025-04-30T10:06:52.998,SENT,BTEC_REPO_US,EGEI,SP25_91282CHQ7_C_Par_0_AON,Sell,6.00,4.4000,Limit,FOK,172,
2025-04-30T10:06:53.006,SEND,BTEC_REPO_US,EGEI,SP25_9128285W6_C_Par_0,Buy,25.00,4.4400,Limit,FAK,-1,
2025-04-30T10:06:53.007,SENT,BTEC_REPO_US,EGEI,SP25_9128285W6_C_Par_0,Buy,25.00,4.4400,Limit,FAK,173,
2025-04-30T10:06:53.007,SEND,BTEC_REPO_US,EGEI,SP25_9128285W6_C_Par_0_AON,Sell,5.00,4.4000,Limit,FOK,-1,
2025-04-30T10:06:53.007,SENT,BTEC_REPO_US,EGEI,SP25_9128285W6_C_Par_0_AON,Sell,5.00,4.4000,Limit,FOK,174,
2025-04-30T10:06:53.031,SEND,BTEC_REPO_US,EGEI,SP25_91282CEV9_C_Par_0,Buy,25.00,4.4400,Limit,FAK,-1,
2025-04-30T10:06:53.031,SENT,BTEC_REPO_US,EGEI,SP25_91282CEV9_C_Par_0,Buy,25.00,4.4400,Limit,FAK,175,
2025-04-30T10:06:53.031,SEND,BTEC_REPO_US,EGEI,SP25_91282CEV9_C_Par_0_AON,Sell,5.00,4.4000,Limit,FOK,-1,
2025-04-30T10:06:53.031,SENT,BTEC_REPO_US,EGEI,SP25_91282CEV9_C_Par_0_AON,Sell,5.00,4.4000,Limit,FOK,176,
2025-04-30T10:06:53.055,SEND,BTEC_REPO_US,EGEI,SP25_91282CCA7_C_Par_0,Buy,25.00,4.4300,Limit,FAK,-1,
2025-04-30T10:06:53.055,SENT,BTEC_REPO_US,EGEI,SP25_91282CCA7_C_Par_0,Buy,25.00,4.4300,Limit,FAK,177,
2025-04-30T10:06:53.055,SEND,BTEC_REPO_US,EGEI,SP25_91282CCA7_C_Par_0_AON,Sell,12.00,4.4100,Limit,FOK,-1,
2025-04-30T10:06:53.055,SENT,BTEC_REPO_US,EGEI,SP25_91282CCA7_C_Par_0_AON,Sell,12.00,4.4100,Limit,FOK,178,
2025-04-30T10:06:53.085,SEND,BTEC_REPO_US,EGEI,SP25_912797PL5_C_Par_0,Buy,25.00,4.4200,Limit,FAK,-1,
2025-04-30T10:06:53.085,SENT,BTEC_REPO_US,EGEI,SP25_912797PL5_C_Par_0,Buy,25.00,4.4200,Limit,FAK,179,
2025-04-30T10:06:53.086,SEND,BTEC_REPO_US,EGEI,SP25_912797PL5_C_Par_0_AON,Sell,5.00,4.3800,Limit,FOK,-1,
2025-04-30T10:06:53.086,SENT,BTEC_REPO_US,EGEI,SP25_912797PL5_C_Par_0_AON,Sell,5.00,4.3800,Limit,FOK,180,
2025-04-30T10:06:53.097,SEND,BTEC_REPO_US,EGEI,SP25_912828YG9_C_Par_0,Buy,25.00,4.3500,Limit,FAK,-1,
2025-04-30T10:06:53.097,SENT,BTEC_REPO_US,EGEI,SP25_912828YG9_C_Par_0,Buy,25.00,4.3500,Limit,FAK,181,
2025-04-30T10:06:53.097,SEND,BTEC_REPO_US,EGEI,SP25_912828YG9_C_Par_0_AON,Sell,7.00,4.2500,Limit,FOK,-1,
2025-04-30T10:06:53.097,SENT,BTEC_REPO_US,EGEI,SP25_912828YG9_C_Par_0_AON,Sell,7.00,4.2500,Limit,FOK,182,
2025-04-30T10:06:53.125,SEND,BTEC_REPO_US,EGEI,SP25_912828YG9_C_Par_0,Buy,25.00,4.3500,Limit,FAK,-1,
2025-04-30T10:06:53.125,SENT,BTEC_REPO_US,EGEI,SP25_912828YG9_C_Par_0,Buy,25.00,4.3500,Limit,FAK,183,
2025-04-30T10:06:53.125,SEND,DEALERWEB_REPO,aslegerhard01,912828YG9_20250430_20250501,Sell,25.00,4.3000,Limit,FAS,-1,
2025-04-30T10:06:53.125,SENT,DEALERWEB_REPO,aslegerhard01,912828YG9_20250430_20250501,Sell,25.00,4.3000,Limit,FAS,184,
2025-04-30T10:06:53.139,SEND,BTEC_REPO_US,EGEI,SP25_91282CGA3_C_Par_0,Buy,25.00,4.1700,Limit,FAK,-1,
2025-04-30T10:06:53.139,SENT,BTEC_REPO_US,EGEI,SP25_91282CGA3_C_Par_0,Buy,25.00,4.1700,Limit,FAK,185,
2025-04-30T10:06:53.139,SEND,BTEC_REPO_US,EGEI,SP25_91282CGA3_C_Par_0_AON,Sell,10.00,4.1500,Limit,FOK,-1,
2025-04-30T10:06:53.140,SENT,BTEC_REPO_US,EGEI,SP25_91282CGA3_C_Par_0_AON,Sell,10.00,4.1500,Limit,FOK,186,
2025-04-30T10:06:53.595,SEND,BTEC_REPO_US,EGEI,SP25_91282CCA7_C_Par_0,Buy,25.00,4.4300,Limit,FAK,-1,
2025-04-30T10:06:53.595,SENT,BTEC_REPO_US,EGEI,SP25_91282CCA7_C_Par_0,Buy,25.00,4.4300,Limit,FAK,187,
2025-04-30T10:06:53.595,SEND,BTEC_REPO_US,EGEI,SP25_91282CCA7_C_Par_0_AON,Sell,12.00,4.4100,Limit,FOK,-1,
2025-04-30T10:06:53.595,SENT,BTEC_REPO_US,EGEI,SP25_91282CCA7_C_Par_0_AON,Sell,12.00,4.4100,Limit,FOK,188,
2025-04-30T10:06:53.596,SEND,BTEC_REPO_US,EGEI,SP25_912828YG9_C_Par_0,Buy,25.00,4.3500,Limit,FAK,-1,
2025-04-30T10:06:53.596,SENT,BTEC_REPO_US,EGEI,SP25_912828YG9_C_Par_0,Buy,25.00,4.3500,Limit,FAK,189,
2025-04-30T10:06:53.596,SEND,DEALERWEB_REPO,aslegerhard01,912828YG9_20250430_20250501,Sell,25.00,4.3000,Limit,FAS,-1,
2025-04-30T10:06:53.596,SENT,DEALERWEB_REPO,aslegerhard01,912828YG9_20250430_20250501,Sell,25.00,4.3000,Limit,FAS,190,
2025-04-30T10:07:35.323,SEND,BTEC_REPO_US,EGEI,SP25_912797QE0_C_Par_0,Buy,25.00,4.2800,Limit,FAK,-1,
2025-04-30T10:07:35.324,SENT,BTEC_REPO_US,EGEI,SP25_912797QE0_C_Par_0,Buy,25.00,4.2800,Limit,FAK,191,
2025-04-30T10:07:35.324,SEND,BTEC_REPO_US,EGEI,SP25_912797QE0_C_Par_0_AON,Sell,5.00,4.2400,Limit,FOK,-1,
2025-04-30T10:07:35.324,SENT,BTEC_REPO_US,EGEI,SP25_912797QE0_C_Par_0_AON,Sell,5.00,4.2400,Limit,FOK,192,
2025-04-30T10:07:35.352,SEND,BTEC_REPO_US,EGEI,SP25_91282CEN7_C_Par_0,Buy,25.00,4.4800,Limit,FAK,-1,
2025-04-30T10:07:35.352,SENT,BTEC_REPO_US,EGEI,SP25_91282CEN7_C_Par_0,Buy,25.00,4.4800,Limit,FAK,193,
2025-04-30T10:07:35.352,SEND,BTEC_REPO_US,EGEI,SP25_91282CEN7_C_Par_0_AON,Sell,8.00,4.4500,Limit,FOK,-1,
2025-04-30T10:07:35.352,SENT,BTEC_REPO_US,EGEI,SP25_91282CEN7_C_Par_0_AON,Sell,8.00,4.4500,Limit,FOK,194,
2025-04-30T10:07:35.446,SEND,BTEC_REPO_US,EGEI,SP25_91282CFC0_C_Par_0,Buy,25.00,4.4800,Limit,FAK,-1,
2025-04-30T10:07:35.446,SENT,BTEC_REPO_US,EGEI,SP25_91282CFC0_C_Par_0,Buy,25.00,4.4800,Limit,FAK,195,
2025-04-30T10:07:35.446,SEND,BTEC_REPO_US,EGEI,SP25_91282CFC0_C_Par_0_AON,Sell,5.00,4.4500,Limit,FOK,-1,
2025-04-30T10:07:35.446,SENT,BTEC_REPO_US,EGEI,SP25_91282CFC0_C_Par_0_AON,Sell,5.00,4.4500,Limit,FOK,196,
2025-04-30T10:07:35.483,SEND,BTEC_REPO_US,EGEI,SP25_91282CLD1_C_Par_0,Buy,25.00,4.4800,Limit,FAK,-1,
2025-04-30T10:07:35.483,SENT,BTEC_REPO_US,EGEI,SP25_91282CLD1_C_Par_0,Buy,25.00,4.4800,Limit,FAK,197,
2025-04-30T10:07:35.483,SEND,BTEC_REPO_US,EGEI,SP25_91282CLD1_C_Par_0_AON,Sell,18.00,4.4600,Limit,FOK,-1,
2025-04-30T10:07:35.483,SENT,BTEC_REPO_US,EGEI,SP25_91282CLD1_C_Par_0_AON,Sell,18.00,4.4600,Limit,FOK,198,
2025-04-30T10:07:35.595,SEND,BTEC_REPO_US,EGEI,SP25_91282CLD1_C_Par_0,Buy,25.00,4.4800,Limit,FAK,-1,
2025-04-30T10:07:35.596,SENT,BTEC_REPO_US,EGEI,SP25_91282CLD1_C_Par_0,Buy,25.00,4.4800,Limit,FAK,199,
2025-04-30T10:07:35.596,SEND,BTEC_REPO_US,EGEI,SP25_91282CLD1_C_Par_0_AON,Sell,18.00,4.4600,Limit,FOK,-1,
2025-04-30T10:07:35.596,SENT,BTEC_REPO_US,EGEI,SP25_91282CLD1_C_Par_0_AON,Sell,18.00,4.4600,Limit,FOK,200,
2025-04-30T10:07:36.596,SEND,BTEC_REPO_US,EGEI,SP25_91282CLD1_C_Par_0,Buy,25.00,4.4800,Limit,FAK,-1,
2025-04-30T10:07:36.596,SENT,BTEC_REPO_US,EGEI,SP25_91282CLD1_C_Par_0,Buy,25.00,4.4800,Limit,FAK,201,
2025-04-30T10:07:36.596,SEND,BTEC_REPO_US,EGEI,SP25_91282CLD1_C_Par_0_AON,Sell,18.00,4.4600,Limit,FOK,-1,
2025-04-30T10:07:36.596,SENT,BTEC_REPO_US,EGEI,SP25_91282CLD1_C_Par_0_AON,Sell,18.00,4.4600,Limit,FOK,202,
2025-04-30T10:07:37.595,SEND,BTEC_REPO_US,EGEI,SP25_91282CLD1_C_Par_0,Buy,25.00,4.4800,Limit,FAK,-1,
2025-04-30T10:07:37.596,SENT,BTEC_REPO_US,EGEI,SP25_91282CLD1_C_Par_0,Buy,25.00,4.4800,Limit,FAK,203,
2025-04-30T10:07:37.596,SEND,BTEC_REPO_US,EGEI,SP25_91282CLD1_C_Par_0_AON,Sell,18.00,4.4600,Limit,FOK,-1,
2025-04-30T10:07:37.596,SENT,BTEC_REPO_US,EGEI,SP25_91282CLD1_C_Par_0_AON,Sell,18.00,4.4600,Limit,FOK,204,
2025-04-30T10:07:38.596,SEND,BTEC_REPO_US,EGEI,SP25_91282CLD1_C_Par_0,Buy,25.00,4.4800,Limit,FAK,-1,
2025-04-30T10:07:38.597,SENT,BTEC_REPO_US,EGEI,SP25_91282CLD1_C_Par_0,Buy,25.00,4.4800,Limit,FAK,205,
2025-04-30T10:07:38.597,SEND,BTEC_REPO_US,EGEI,SP25_91282CLD1_C_Par_0_AON,Sell,18.00,4.4600,Limit,FOK,-1,
2025-04-30T10:07:38.597,SENT,BTEC_REPO_US,EGEI,SP25_91282CLD1_C_Par_0_AON,Sell,18.00,4.4600,Limit,FOK,206,
2025-04-30T10:07:39.595,SEND,BTEC_REPO_US,EGEI,SP25_91282CLD1_C_Par_0,Buy,25.00,4.4800,Limit,FAK,-1,
2025-04-30T10:07:39.595,SENT,BTEC_REPO_US,EGEI,SP25_91282CLD1_C_Par_0,Buy,25.00,4.4800,Limit,FAK,207,
2025-04-30T10:07:39.596,SEND,BTEC_REPO_US,EGEI,SP25_91282CLD1_C_Par_0_AON,Sell,18.00,4.4600,Limit,FOK,-1,
2025-04-30T10:07:39.596,SENT,BTEC_REPO_US,EGEI,SP25_91282CLD1_C_Par_0_AON,Sell,18.00,4.4600,Limit,FOK,208,
2025-04-30T10:07:40.596,SEND,BTEC_REPO_US,EGEI,SP25_91282CLD1_C_Par_0,Buy,25.00,4.4800,Limit,FAK,-1,
2025-04-30T10:07:40.597,SENT,BTEC_REPO_US,EGEI,SP25_91282CLD1_C_Par_0,Buy,25.00,4.4800,Limit,FAK,209,
2025-04-30T10:07:40.597,SEND,BTEC_REPO_US,EGEI,SP25_91282CLD1_C_Par_0_AON,Sell,18.00,4.4600,Limit,FOK,-1,
2025-04-30T10:07:40.597,SENT,BTEC_REPO_US,EGEI,SP25_91282CLD1_C_Par_0_AON,Sell,18.00,4.4600,Limit,FOK,210,
2025-04-30T10:07:41.595,SEND,BTEC_REPO_US,EGEI,SP25_91282CLD1_C_Par_0,Buy,25.00,4.4800,Limit,FAK,-1,
2025-04-30T10:07:41.595,SENT,BTEC_REPO_US,EGEI,SP25_91282CLD1_C_Par_0,Buy,25.00,4.4800,Limit,FAK,211,
2025-04-30T10:07:41.596,SEND,BTEC_REPO_US,EGEI,SP25_91282CLD1_C_Par_0_AON,Sell,18.00,4.4600,Limit,FOK,-1,
2025-04-30T10:07:41.596,SENT,BTEC_REPO_US,EGEI,SP25_91282CLD1_C_Par_0_AON,Sell,18.00,4.4600,Limit,FOK,212,
2025-04-30T10:07:42.595,SEND,BTEC_REPO_US,EGEI,SP25_91282CLD1_C_Par_0,Buy,25.00,4.4800,Limit,FAK,-1,
2025-04-30T10:07:42.596,SENT,BTEC_REPO_US,EGEI,SP25_91282CLD1_C_Par_0,Buy,25.00,4.4800,Limit,FAK,213,
2025-04-30T10:07:42.596,SEND,BTEC_REPO_US,EGEI,SP25_91282CLD1_C_Par_0_AON,Sell,18.00,4.4600,Limit,FOK,-1,
2025-04-30T10:07:42.596,SENT,BTEC_REPO_US,EGEI,SP25_91282CLD1_C_Par_0_AON,Sell,18.00,4.4600,Limit,FOK,214,
2025-04-30T10:07:43.595,SEND,BTEC_REPO_US,EGEI,SP25_91282CLD1_C_Par_0,Buy,25.00,4.4800,Limit,FAK,-1,
2025-04-30T10:07:43.596,SENT,BTEC_REPO_US,EGEI,SP25_91282CLD1_C_Par_0,Buy,25.00,4.4800,Limit,FAK,215,
2025-04-30T10:07:43.596,SEND,BTEC_REPO_US,EGEI,SP25_91282CLD1_C_Par_0_AON,Sell,18.00,4.4600,Limit,FOK,-1,
2025-04-30T10:07:43.596,SENT,BTEC_REPO_US,EGEI,SP25_91282CLD1_C_Par_0_AON,Sell,18.00,4.4600,Limit,FOK,216,
2025-04-30T10:08:22.369,SEND,BTEC_REPO_US,EGEI,SP25_91282CKN0_C_Par_0,Buy,25.00,4.4700,Limit,FAK,-1,
2025-04-30T10:08:22.369,SENT,BTEC_REPO_US,EGEI,SP25_91282CKN0_C_Par_0,Buy,25.00,4.4700,Limit,FAK,217,
2025-04-30T10:08:22.369,SEND,BTEC_REPO_US,EGEI,SP25_91282CKN0_C_Par_0_AON,Sell,13.00,4.4500,Limit,FOK,-1,
2025-04-30T10:08:22.369,SENT,BTEC_REPO_US,EGEI,SP25_91282CKN0_C_Par_0_AON,Sell,13.00,4.4500,Limit,FOK,218,
2025-04-30T10:08:22.397,SEND,BTEC_REPO_US,EGEI,SP25_91282CMK4_C_Par_0,Buy,25.00,4.4800,Limit,FAK,-1,
2025-04-30T10:08:22.398,SENT,BTEC_REPO_US,EGEI,SP25_91282CMK4_C_Par_0,Buy,25.00,4.4800,Limit,FAK,219,
2025-04-30T10:08:22.398,SEND,BTEC_REPO_US,EGEI,SP25_91282CMK4_C_Par_0_AON,Sell,12.00,4.4600,Limit,FOK,-1,
2025-04-30T10:08:22.398,SENT,BTEC_REPO_US,EGEI,SP25_91282CMK4_C_Par_0_AON,Sell,12.00,4.4600,Limit,FOK,220,
2025-04-30T10:08:22.404,SEND,BTEC_REPO_US,EGEI,SP25_91282CHC8_C_Par_0,Buy,25.00,4.4800,Limit,FAK,-1,
2025-04-30T10:08:22.404,SENT,BTEC_REPO_US,EGEI,SP25_91282CHC8_C_Par_0,Buy,25.00,4.4800,Limit,FAK,221,
2025-04-30T10:08:22.404,SEND,BTEC_REPO_US,EGEI,SP25_91282CHC8_C_Par_0_AON,Sell,7.00,4.4500,Limit,FOK,-1,
2025-04-30T10:08:22.404,SENT,BTEC_REPO_US,EGEI,SP25_91282CHC8_C_Par_0_AON,Sell,7.00,4.4500,Limit,FOK,222,
2025-04-30T10:08:22.596,SEND,BTEC_REPO_US,EGEI,SP25_91282CMK4_C_Par_0,Buy,25.00,4.4800,Limit,FAK,-1,
2025-04-30T10:08:22.597,SENT,BTEC_REPO_US,EGEI,SP25_91282CMK4_C_Par_0,Buy,25.00,4.4800,Limit,FAK,223,
2025-04-30T10:08:22.597,SEND,BTEC_REPO_US,EGEI,SP25_91282CMK4_C_Par_0_AON,Sell,12.00,4.4600,Limit,FOK,-1,
2025-04-30T10:08:22.597,SENT,BTEC_REPO_US,EGEI,SP25_91282CMK4_C_Par_0_AON,Sell,12.00,4.4600,Limit,FOK,224,
2025-04-30T10:08:23.596,SEND,BTEC_REPO_US,EGEI,SP25_91282CMK4_C_Par_0,Buy,25.00,4.4800,Limit,FAK,-1,
2025-04-30T10:08:23.597,SENT,BTEC_REPO_US,EGEI,SP25_91282CMK4_C_Par_0,Buy,25.00,4.4800,Limit,FAK,225,
2025-04-30T10:08:23.597,SEND,BTEC_REPO_US,EGEI,SP25_91282CMK4_C_Par_0_AON,Sell,12.00,4.4600,Limit,FOK,-1,
2025-04-30T10:08:23.597,SENT,BTEC_REPO_US,EGEI,SP25_91282CMK4_C_Par_0_AON,Sell,12.00,4.4600,Limit,FOK,226,
2025-04-30T10:08:24.596,SEND,BTEC_REPO_US,EGEI,SP25_91282CMK4_C_Par_0,Buy,25.00,4.4800,Limit,FAK,-1,
2025-04-30T10:08:24.596,SENT,BTEC_REPO_US,EGEI,SP25_91282CMK4_C_Par_0,Buy,25.00,4.4800,Limit,FAK,227,
2025-04-30T10:08:24.596,SEND,BTEC_REPO_US,EGEI,SP25_91282CMK4_C_Par_0_AON,Sell,12.00,4.4600,Limit,FOK,-1,
2025-04-30T10:08:24.596,SENT,BTEC_REPO_US,EGEI,SP25_91282CMK4_C_Par_0_AON,Sell,12.00,4.4600,Limit,FOK,228,
2025-04-30T10:08:25.597,SEND,BTEC_REPO_US,EGEI,SP25_91282CMK4_C_Par_0,Buy,25.00,4.4800,Limit,FAK,-1,
2025-04-30T10:08:25.597,SENT,BTEC_REPO_US,EGEI,SP25_91282CMK4_C_Par_0,Buy,25.00,4.4800,Limit,FAK,229,
2025-04-30T10:08:25.597,SEND,BTEC_REPO_US,EGEI,SP25_91282CMK4_C_Par_0_AON,Sell,12.00,4.4600,Limit,FOK,-1,
2025-04-30T10:08:25.597,SENT,BTEC_REPO_US,EGEI,SP25_91282CMK4_C_Par_0_AON,Sell,12.00,4.4600,Limit,FOK,230,
2025-04-30T10:08:53.040,SEND,BTEC_REPO_US,EGEI,SP25_91282CLJ8_C_Par_0,Buy,25.00,4.4800,Limit,FAK,-1,
2025-04-30T10:08:53.040,SENT,BTEC_REPO_US,EGEI,SP25_91282CLJ8_C_Par_0,Buy,25.00,4.4800,Limit,FAK,231,
2025-04-30T10:08:53.040,SEND,BTEC_REPO_US,EGEI,SP25_91282CLJ8_C_Par_0_AON,Sell,7.00,4.4400,Limit,FOK,-1,
2025-04-30T10:08:53.040,SENT,BTEC_REPO_US,EGEI,SP25_91282CLJ8_C_Par_0_AON,Sell,7.00,4.4400,Limit,FOK,232,
2025-04-30T10:08:56.354,SEND,BTEC_REPO_US,EGEI,SP25_91282CJT9_C_Par_0,Buy,25.00,4.4700,Limit,FAK,-1,
2025-04-30T10:08:56.354,SENT,BTEC_REPO_US,EGEI,SP25_91282CJT9_C_Par_0,Buy,25.00,4.4700,Limit,FAK,233,
2025-04-30T10:08:56.354,SEND,BTEC_REPO_US,EGEI,SP25_91282CJT9_C_Par_0_AON,Sell,5.00,4.4300,Limit,FOK,-1,
2025-04-30T10:08:56.354,SENT,BTEC_REPO_US,EGEI,SP25_91282CJT9_C_Par_0_AON,Sell,5.00,4.4300,Limit,FOK,234,
2025-04-30T10:09:35.033,SEND,BTEC_REPO_US,EGEI,USP_91282CNA5_C_Par_0,Buy,50.00,4.4900,Limit,FAK,-1,
2025-04-30T10:09:35.034,SENT,BTEC_REPO_US,EGEI,USP_91282CNA5_C_Par_0,Buy,50.00,4.4900,Limit,FAK,235,
2025-04-30T10:09:35.034,SEND,BTEC_REPO_US,EGEI,USP_91282CNA5_C_Par_0_AON,Sell,10.00,4.4300,Limit,FOK,-1,
2025-04-30T10:09:35.034,SENT,BTEC_REPO_US,EGEI,USP_91282CNA5_C_Par_0_AON,Sell,10.00,4.4300,Limit,FOK,236,
2025-04-30T10:11:28.546,SEND,BTEC_REPO_US,EGEI,SP25_912810RU4_C_Par_0,Buy,25.00,4.4600,Limit,FAK,-1,
2025-04-30T10:11:28.546,SENT,BTEC_REPO_US,EGEI,SP25_912810RU4_C_Par_0,Buy,25.00,4.4600,Limit,FAK,237,
2025-04-30T10:11:28.546,SEND,BTEC_REPO_US,EGEI,SP25_912810RU4_C_Par_0_AON,Sell,5.00,4.4300,Limit,FOK,-1,
2025-04-30T10:11:28.546,SENT,BTEC_REPO_US,EGEI,SP25_912810RU4_C_Par_0_AON,Sell,5.00,4.4300,Limit,FOK,238,
2025-04-30T10:11:30.756,SEND,BTEC_REPO_US,EGEI,SP25_912828K74_C_Par_0,Buy,25.00,4.4200,Limit,FAK,-1,
2025-04-30T10:11:30.756,SENT,BTEC_REPO_US,EGEI,SP25_912828K74_C_Par_0,Buy,25.00,4.4200,Limit,FAK,239,
2025-04-30T10:11:30.756,SEND,BTEC_REPO_US,EGEI,SP25_912828K74_C_Par_0_AON,Sell,6.00,4.3900,Limit,FOK,-1,
2025-04-30T10:11:30.756,SENT,BTEC_REPO_US,EGEI,SP25_912828K74_C_Par_0_AON,Sell,6.00,4.3900,Limit,FOK,240,
2025-04-30T10:11:30.761,SEND,BTEC_REPO_US,EGEI,SP25_912828YQ7_C_Par_0,Buy,25.00,4.4400,Limit,FAK,-1,
2025-04-30T10:11:30.761,SENT,BTEC_REPO_US,EGEI,SP25_912828YQ7_C_Par_0,Buy,25.00,4.4400,Limit,FAK,241,
2025-04-30T10:11:30.761,SEND,BTEC_REPO_US,EGEI,SP25_912828YQ7_C_Par_0_AON,Sell,5.00,4.4100,Limit,FOK,-1,
2025-04-30T10:11:30.761,SENT,BTEC_REPO_US,EGEI,SP25_912828YQ7_C_Par_0_AON,Sell,5.00,4.4100,Limit,FOK,242,
2025-04-30T10:11:47.494,SEND,BTEC_REPO_US,EGEI,SP25_91282CAZ4_C_Par_0_AON,Buy,12.00,4.4500,Limit,FOK,-1,
2025-04-30T10:11:47.495,SENT,BTEC_REPO_US,EGEI,SP25_91282CAZ4_C_Par_0_AON,Buy,12.00,4.4500,Limit,FOK,243,
2025-04-30T10:11:47.495,SEND,BTEC_REPO_US,EGEI,SP25_91282CAZ4_C_Par_0_AON,Sell,6.00,4.3300,Limit,FOK,-1,
2025-04-30T10:11:47.495,SENT,BTEC_REPO_US,EGEI,SP25_91282CAZ4_C_Par_0_AON,Sell,6.00,4.3300,Limit,FOK,244,
2025-04-30T10:14:29.367,SEND,BTEC_REPO_US,EGEI,SP25_9128286A3_C_Par_0,Buy,25.00,4.4000,Limit,FAK,-1,
2025-04-30T10:14:29.368,SENT,BTEC_REPO_US,EGEI,SP25_9128286A3_C_Par_0,Buy,25.00,4.4000,Limit,FAK,245,
2025-04-30T10:14:29.368,SEND,BTEC_REPO_US,EGEI,SP25_9128286A3_C_Par_0_AON,Sell,10.00,4.3700,Limit,FOK,-1,
2025-04-30T10:14:29.368,SENT,BTEC_REPO_US,EGEI,SP25_9128286A3_C_Par_0_AON,Sell,10.00,4.3700,Limit,FOK,246,
2025-04-30T10:20:22.841,SEND,BTEC_REPO_US,EGEI,SP25_912810RB6_C_Par_0,Buy,25.00,4.4500,Limit,FAK,-1,
2025-04-30T10:20:22.841,SENT,BTEC_REPO_US,EGEI,SP25_912810RB6_C_Par_0,Buy,25.00,4.4500,Limit,FAK,247,
2025-04-30T10:20:22.841,SEND,BTEC_REPO_US,EGEI,SP25_912810RB6_C_Par_0_AON,Sell,5.00,4.4200,Limit,FOK,-1,
2025-04-30T10:20:22.841,SENT,BTEC_REPO_US,EGEI,SP25_912810RB6_C_Par_0_AON,Sell,5.00,4.4200,Limit,FOK,248,
2025-04-30T10:20:22.843,SEND,BTEC_REPO_US,EGEI,SP25_912810RK6_C_Par_0,Buy,25.00,4.3900,Limit,FAK,-1,
2025-04-30T10:20:22.843,SENT,BTEC_REPO_US,EGEI,SP25_912810RK6_C_Par_0,Buy,25.00,4.3900,Limit,FAK,249,
2025-04-30T10:20:22.843,SEND,BTEC_REPO_US,EGEI,SP25_912810RK6_C_Par_0_AON,Sell,5.00,4.3500,Limit,FOK,-1,
2025-04-30T10:20:22.843,SENT,BTEC_REPO_US,EGEI,SP25_912810RK6_C_Par_0_AON,Sell,5.00,4.3500,Limit,FOK,250,
2025-04-30T10:23:01.320,SEND,BTEC_REPO_US,EGEI,SP25_91282CJT9_C_Par_0_AON,Buy,15.00,4.5000,Limit,FOK,-1,
2025-04-30T10:23:01.320,SENT,BTEC_REPO_US,EGEI,SP25_91282CJT9_C_Par_0_AON,Buy,15.00,4.5000,Limit,FOK,251,
2025-04-30T10:23:01.320,SEND,BTEC_REPO_US,EGEI,SP25_91282CJT9_C_Par_0_AON,Sell,7.00,4.4500,Limit,FOK,-1,
2025-04-30T10:23:01.321,SENT,BTEC_REPO_US,EGEI,SP25_91282CJT9_C_Par_0_AON,Sell,7.00,4.4500,Limit,FOK,252,
2025-04-30T10:23:01.322,SEND,BTEC_REPO_US,EGEI,SP25_91282CKB6_C_Par_0_AON,Buy,8.00,4.4900,Limit,FOK,-1,
2025-04-30T10:23:01.322,SENT,BTEC_REPO_US,EGEI,SP25_91282CKB6_C_Par_0_AON,Buy,8.00,4.4900,Limit,FOK,253,
2025-04-30T10:23:01.322,SEND,BTEC_REPO_US,EGEI,SP25_91282CKB6_C_Par_0_AON,Sell,5.00,4.4500,Limit,FOK,-1,
2025-04-30T10:23:01.322,SENT,BTEC_REPO_US,EGEI,SP25_91282CKB6_C_Par_0_AON,Sell,5.00,4.4500,Limit,FOK,254,
2025-04-30T10:23:01.322,SEND,BTEC_REPO_US,EGEI,SP25_91282CMD0_C_Par_0,Buy,25.00,4.4800,Limit,FAK,-1,
2025-04-30T10:23:01.322,SENT,BTEC_REPO_US,EGEI,SP25_91282CMD0_C_Par_0,Buy,25.00,4.4800,Limit,FAK,255,
2025-04-30T10:23:01.322,SEND,BTEC_REPO_US,EGEI,SP25_91282CMD0_C_Par_0_AON,Sell,5.00,4.4500,Limit,FOK,-1,
2025-04-30T10:23:01.323,SENT,BTEC_REPO_US,EGEI,SP25_91282CMD0_C_Par_0_AON,Sell,5.00,4.4500,Limit,FOK,256,
2025-04-30T10:47:40.385,SEND,BTEC_REPO_US,EGEI,SP25_912797PV3_C_Par_0,Buy,25.00,4.4800,Limit,FAK,-1,
2025-04-30T10:47:40.386,SENT,BTEC_REPO_US,EGEI,SP25_912797PV3_C_Par_0,Buy,25.00,4.4800,Limit,FAK,257,
2025-04-30T10:47:40.386,SEND,BTEC_REPO_US,EGEI,SP25_912797PV3_C_Par_0_AON,Sell,5.00,4.4500,Limit,FOK,-1,
2025-04-30T10:47:40.386,SENT,BTEC_REPO_US,EGEI,SP25_912797PV3_C_Par_0_AON,Sell,5.00,4.4500,Limit,FOK,258,
2025-04-30T10:50:12.326,SEND,BTEC_REPO_US,EGEI,SP25_91282CGL9_C_Par_0_AON,Buy,10.00,4.5500,Limit,FOK,-1,
2025-04-30T10:50:12.326,SENT,BTEC_REPO_US,EGEI,SP25_91282CGL9_C_Par_0_AON,Buy,10.00,4.5500,Limit,FOK,259,
2025-04-30T10:50:12.326,SEND,BTEC_REPO_US,EGEI,SP25_91282CGL9_C_Par_0_AON,Sell,5.00,4.5000,Limit,FOK,-1,
2025-04-30T10:50:12.326,SENT,BTEC_REPO_US,EGEI,SP25_91282CGL9_C_Par_0_AON,Sell,5.00,4.5000,Limit,FOK,260,
2025-04-30T10:51:21.270,SEND,BTEC_REPO_US,EGEI,SP25_912797QE0_C_Par_0,Buy,25.00,4.3500,Limit,FAK,-1,
2025-04-30T10:51:21.270,SENT,BTEC_REPO_US,EGEI,SP25_912797QE0_C_Par_0,Buy,25.00,4.3500,Limit,FAK,261,
2025-04-30T10:51:21.270,SEND,BTEC_REPO_US,EGEI,SP25_912797QE0_C_Par_0_AON,Sell,5.00,4.3000,Limit,FOK,-1,
2025-04-30T10:51:21.270,SENT,BTEC_REPO_US,EGEI,SP25_912797QE0_C_Par_0_AON,Sell,5.00,4.3000,Limit,FOK,262,
2025-04-30T10:55:45.267,SEND,BTEC_REPO_US,EGEI,SP25_912810FT0_C_Par_0,Buy,25.00,4.3300,Limit,FAK,-1,
2025-04-30T10:55:45.267,SENT,BTEC_REPO_US,EGEI,SP25_912810FT0_C_Par_0,Buy,25.00,4.3300,Limit,FAK,263,
2025-04-30T10:55:45.267,SEND,BTEC_REPO_US,EGEI,SP25_912810FT0_C_Par_0_AON,Sell,10.00,4.3000,Limit,FOK,-1,
2025-04-30T10:55:45.267,SENT,BTEC_REPO_US,EGEI,SP25_912810FT0_C_Par_0_AON,Sell,10.00,4.3000,Limit,FOK,264,
2025-04-30T11:15:54.882,SEND,BTEC_REPO_US,EGEI,SP25_912828ZQ6_C_Par_0_AON,Buy,500.00,4.5500,Limit,FOK,-1,
2025-04-30T11:15:54.882,SENT,BTEC_REPO_US,EGEI,SP25_912828ZQ6_C_Par_0_AON,Buy,500.00,4.5500,Limit,FOK,265,
2025-04-30T11:15:54.882,SEND,BTEC_REPO_US,EGEI,SP25_912828ZQ6_C_Par_0_AON,Sell,5.00,4.5000,Limit,FOK,-1,
2025-04-30T11:15:54.882,SENT,BTEC_REPO_US,EGEI,SP25_912828ZQ6_C_Par_0_AON,Sell,5.00,4.5000,Limit,FOK,266,
timestamp,operation,source,trader,instrumentId,direction,size,price,orderType,tif,requestId,orderId

2025-04-30T11:22:29.863,SEND,BTEC_REPO_US,EGEI,SP25_912797PG6_C_Par_0,Buy,25.00,3.9500,Limit,FAK,-1,
2025-04-30T11:22:29.868,SENT,BTEC_REPO_US,EGEI,SP25_912797PG6_C_Par_0,Buy,25.00,3.9500,Limit,FAK,1,
2025-04-30T11:22:29.868,SEND,BTEC_REPO_US,EGEI,SP25_912797PG6_C_Par_0_AON,Sell,5.00,3.9000,Limit,FOK,-1,
2025-04-30T11:22:29.869,SENT,BTEC_REPO_US,EGEI,SP25_912797PG6_C_Par_0_AON,Sell,5.00,3.9000,Limit,FOK,2,
2025-04-30T11:41:20.629,SEND,DEALERWEB_REPO,aslegerhard01,91282CAM3_20250501_20250502,Buy,25.00,4.3700,Limit,FAS,-1,
2025-04-30T11:41:20.630,SENT,DEALERWEB_REPO,aslegerhard01,91282CAM3_20250501_20250502,Buy,25.00,4.3700,Limit,FAS,3,
2025-04-30T11:41:20.630,SEND,DEALERWEB_REPO,aslegerhard01,91282CAM3_20250501_20250502_AON,Sell,23.00,4.3400,Limit,FAS,-1,
2025-04-30T11:41:20.630,SENT,DEALERWEB_REPO,aslegerhard01,91282CAM3_20250501_20250502_AON,Sell,23.00,4.3400,Limit,FAS,4,
2025-04-30T11:41:20.771,SEND,DEALERWEB_REPO,aslegerhard01,91282CAM3_20250501_20250502,Buy,25.00,4.3700,Limit,FAS,-1,
2025-04-30T11:41:20.772,SENT,DEALERWEB_REPO,aslegerhard01,91282CAM3_20250501_20250502,Buy,25.00,4.3700,Limit,FAS,5,
2025-04-30T11:41:20.772,SEND,DEALERWEB_REPO,aslegerhard01,91282CAM3_20250501_20250502_AON,Sell,23.00,4.3400,Limit,FAS,-1,
2025-04-30T11:41:20.772,SENT,DEALERWEB_REPO,aslegerhard01,91282CAM3_20250501_20250502_AON,Sell,23.00,4.3400,Limit,FAS,6,
2025-04-30T11:41:38.622,SEND,DEALERWEB_REPO,aslegerhard01,91282CJE2_20250501_20250502,Buy,25.00,4.3800,Limit,FAS,-1,
2025-04-30T11:41:38.622,SENT,DEALERWEB_REPO,aslegerhard01,91282CJE2_20250501_20250502,Buy,25.00,4.3800,Limit,FAS,7,
2025-04-30T11:41:38.623,SEND,DEALERWEB_REPO,aslegerhard01,91282CJE2_20250501_20250502_AON,Sell,14.00,4.3500,Limit,FAS,-1,
2025-04-30T11:41:38.623,SENT,DEALERWEB_REPO,aslegerhard01,91282CJE2_20250501_20250502_AON,Sell,14.00,4.3500,Limit,FAS,8,
2025-04-30T14:28:58.111,SEND,DEALERWEB_REPO,aslegerhard01,91282CBT7_20250501_20250502_AON,Buy,6.00,4.3900,Limit,FAS,-1,
2025-04-30T14:28:58.111,SENT,DEALERWEB_REPO,aslegerhard01,91282CBT7_20250501_20250502_AON,Buy,6.00,4.3900,Limit,FAS,9,
2025-04-30T14:28:58.111,SEND,DEALERWEB_REPO,aslegerhard01,91282CBT7_20250501_20250502_AON,Sell,5.00,4.3500,Limit,FAS,-1,
2025-04-30T14:28:58.111,SENT,DEALERWEB_REPO,aslegerhard01,91282CBT7_20250501_20250502_AON,Sell,5.00,4.3500,Limit,FAS,10,
