timestamp,operation,source,trader,instrumentId,direction,size,price,orderType,tif,requestId,orderId

2025-05-05T13:54:23.426,SEND,FENICS_USREPO,frosasl1,2333140,Buy,150.00,4.3200,Limit,FAK,-1,
2025-05-05T13:54:23.427,SENT,FENICS_USREPO,frosasl1,2333140,Buy,150.00,4.3200,Limit,FAK,1,
2025-05-05T13:54:24.490,SEND,FENICS_USREPO,frosasl1,2333140,Buy,150.00,4.3200,Limit,FAK,-1,
2025-05-05T13:54:24.490,SENT,FENICS_USREPO,frosasl1,2333140,Buy,150.00,4.3200,Limit,FAK,2,
2025-05-05T13:54:24.612,SEND,FENICS_USREPO,frosasl1,2334564,Buy,150.00,4.3100,Limit,FAK,-1,
2025-05-05T13:54:24.613,SENT,FENICS_USREPO,frosasl1,2334564,Buy,150.00,4.3100,Limit,FAK,3,
2025-05-05T13:54:53.584,SEND,FENICS_USREPO,frosasl1,2323363,Buy,150.00,4.3100,Limit,FAK,-1,
2025-05-05T13:54:53.584,SENT,FENICS_USREPO,frosasl1,2323363,Buy,150.00,4.3100,Limit,FAK,4,
2025-05-05T13:54:55.717,SEND,FENICS_USREPO,frosasl1,2323364,Buy,100.00,4.3200,Limit,FAK,-1,
2025-05-05T13:54:55.717,SENT,FENICS_USREPO,frosasl1,2323364,Buy,100.00,4.3200,Limit,FAK,5,
2025-05-05T13:54:59.019,SEND,FENICS_USREPO,frosasl1,2330068,Buy,150.00,4.3100,Limit,FAK,-1,
2025-05-05T13:54:59.020,SENT,FENICS_USREPO,frosasl1,2330068,Buy,150.00,4.3100,Limit,FAK,6,
2025-05-05T13:55:48.417,SEND,BTEC_REPO_US,TEST2,SP25_91282CHD6_REG_Par_0,Buy,25.00,4.2700,Limit,FAK,-1,
2025-05-05T13:55:48.417,SENT,BTEC_REPO_US,TEST2,SP25_91282CHD6_REG_Par_0,Buy,25.00,4.2700,Limit,FAK,7,
2025-05-05T13:55:48.418,SEND,DEALERWEB_REPO,asldevtrd1,91282CHD6_20250506_20250507,Sell,25.00,4.2600,Limit,FAS,-1,
2025-05-05T13:55:48.418,SENT,DEALERWEB_REPO,asldevtrd1,91282CHD6_20250506_20250507,Sell,25.00,4.2600,Limit,FAS,8,
2025-05-05T13:56:06.463,SEND,BTEC_REPO_US,TEST2,SP25_91282CHD6_REG_Par_0,Buy,25.00,4.2700,Limit,FAK,-1,
2025-05-05T13:56:06.463,SENT,BTEC_REPO_US,TEST2,SP25_91282CHD6_REG_Par_0,Buy,25.00,4.2700,Limit,FAK,9,
2025-05-05T13:56:06.463,SEND,DEALERWEB_REPO,asldevtrd1,91282CHD6_20250506_20250507,Sell,25.00,4.2600,Limit,FAS,-1,
2025-05-05T13:56:06.463,SENT,DEALERWEB_REPO,asldevtrd1,91282CHD6_20250506_20250507,Sell,25.00,4.2600,Limit,FAS,10,
2025-05-05T14:02:45.906,SEND,DEALERWEB_REPO,asldevtrd1,91282CMV0_20250506_20250507,Buy,100.00,4.4200,Limit,FAS,-1,
2025-05-05T14:02:45.906,SENT,DEALERWEB_REPO,asldevtrd1,91282CMV0_20250506_20250507,Buy,100.00,4.4200,Limit,FAS,11,
2025-05-05T14:02:45.917,SEND,DEALERWEB_REPO,asldevtrd1,91282CMF5_20250506_20250507,Buy,100.00,4.4200,Limit,FAS,-1,
2025-05-05T14:02:45.917,SENT,DEALERWEB_REPO,asldevtrd1,91282CMF5_20250506_20250507,Buy,100.00,4.4200,Limit,FAS,12,
2025-05-05T14:02:45.921,SEND,DEALERWEB_REPO,asldevtrd1,91282CMS7_20250506_20250507,Buy,100.00,4.4200,Limit,FAS,-1,
2025-05-05T14:02:45.921,SENT,DEALERWEB_REPO,asldevtrd1,91282CMS7_20250506_20250507,Buy,100.00,4.4200,Limit,FAS,13,
2025-05-05T14:02:45.921,SEND,DEALERWEB_REPO,asldevtrd1,91282CMG3_20250506_20250507,Buy,100.00,4.4200,Limit,FAS,-1,
2025-05-05T14:02:45.921,SENT,DEALERWEB_REPO,asldevtrd1,91282CMG3_20250506_20250507,Buy,100.00,4.4200,Limit,FAS,14,
2025-05-05T14:02:45.925,SEND,DEALERWEB_REPO,asldevtrd1,91282CGQ8_20250506_20250507,Buy,100.00,4.4200,Limit,FAS,-1,
2025-05-05T14:02:45.925,SENT,DEALERWEB_REPO,asldevtrd1,91282CGQ8_20250506_20250507,Buy,100.00,4.4200,Limit,FAS,15,
2025-05-05T14:02:45.931,SEND,DEALERWEB_REPO,asldevtrd1,91282CMK4_20250506_20250507,Buy,100.00,4.4200,Limit,FAS,-1,
2025-05-05T14:02:45.931,SENT,DEALERWEB_REPO,asldevtrd1,91282CMK4_20250506_20250507,Buy,100.00,4.4200,Limit,FAS,16,
2025-05-05T14:02:45.936,SEND,DEALERWEB_REPO,asldevtrd1,91282CMR9_20250506_20250507,Buy,100.00,4.4200,Limit,FAS,-1,
2025-05-05T14:02:45.936,SENT,DEALERWEB_REPO,asldevtrd1,91282CMR9_20250506_20250507,Buy,100.00,4.4200,Limit,FAS,17,
2025-05-05T14:02:45.969,SEND,DEALERWEB_REPO,asldevtrd1,912810UF3_20250506_20250507,Buy,100.00,4.4200,Limit,FAS,-1,
2025-05-05T14:02:45.969,SENT,DEALERWEB_REPO,asldevtrd1,912810UF3_20250506_20250507,Buy,100.00,4.4200,Limit,FAS,18,
2025-05-05T14:03:10.963,SEND,DEALERWEB_REPO,asldevtrd1,912810UC0_20250506_20250507,Buy,25.00,4.4000,Limit,FAS,-1,
2025-05-05T14:03:10.963,SENT,DEALERWEB_REPO,asldevtrd1,912810UC0_20250506_20250507,Buy,25.00,4.4000,Limit,FAS,19,
2025-05-05T14:03:10.964,SEND,BTEC_REPO_US,TEST2,SP25_912810UC0_REG_Par_0,Sell,25.00,4.3700,Limit,FAK,-1,
2025-05-05T14:03:10.964,SENT,BTEC_REPO_US,TEST2,SP25_912810UC0_REG_Par_0,Sell,25.00,4.3700,Limit,FAK,20,
2025-05-05T14:03:29.006,SEND,DEALERWEB_REPO,asldevtrd1,912810UC0_20250506_20250507,Buy,25.00,4.4200,Limit,FAS,-1,
2025-05-05T14:03:29.006,SENT,DEALERWEB_REPO,asldevtrd1,912810UC0_20250506_20250507,Buy,25.00,4.4200,Limit,FAS,21,
2025-05-05T14:03:29.006,SEND,BTEC_REPO_US,TEST2,SP25_912810UC0_REG_Par_0,Sell,25.00,4.3700,Limit,FAK,-1,
2025-05-05T14:03:29.006,SENT,BTEC_REPO_US,TEST2,SP25_912810UC0_REG_Par_0,Sell,25.00,4.3700,Limit,FAK,22,
2025-05-05T14:05:29.391,SEND,DEALERWEB_REPO,asldevtrd1,912828ZZ6_20250505_20250506,Buy,25.00,4.4200,Limit,FAS,-1,
2025-05-05T14:05:29.391,SENT,DEALERWEB_REPO,asldevtrd1,912828ZZ6_20250505_20250506,Buy,25.00,4.4200,Limit,FAS,23,
2025-05-05T14:05:29.391,SEND,BTEC_REPO_US,TEST2,SP25_912828ZZ6_C_Par_0,Sell,25.00,0.1300,Limit,FAK,-1,
2025-05-05T14:05:29.391,SENT,BTEC_REPO_US,TEST2,SP25_912828ZZ6_C_Par_0,Sell,25.00,0.1300,Limit,FAK,24,
2025-05-05T14:05:32.978,SEND,DEALERWEB_REPO,asldevtrd1,912828XL9_20250505_20250506,Buy,25.00,4.4200,Limit,FAS,-1,
2025-05-05T14:05:32.978,SENT,DEALERWEB_REPO,asldevtrd1,912828XL9_20250505_20250506,Buy,25.00,4.4200,Limit,FAS,25,
2025-05-05T14:05:32.978,SEND,BTEC_REPO_US,TEST2,SP25_912828XL9_C_Par_0,Sell,25.00,0.1100,Limit,FAK,-1,
2025-05-05T14:05:32.979,SENT,BTEC_REPO_US,TEST2,SP25_912828XL9_C_Par_0,Sell,25.00,0.1100,Limit,FAK,26,
2025-05-05T14:05:43.369,SEND,DEALERWEB_REPO,asldevtrd1,912810PZ5_20250505_20250506,Buy,25.00,4.4200,Limit,FAS,-1,
2025-05-05T14:05:43.370,SENT,DEALERWEB_REPO,asldevtrd1,912810PZ5_20250505_20250506,Buy,25.00,4.4200,Limit,FAS,27,
2025-05-05T14:05:43.370,SEND,BTEC_REPO_US,TEST2,SP25_912810PZ5_C_Par_0,Sell,25.00,0.1100,Limit,FAK,-1,
2025-05-05T14:05:43.370,SENT,BTEC_REPO_US,TEST2,SP25_912810PZ5_C_Par_0,Sell,25.00,0.1100,Limit,FAK,28,
2025-05-05T14:05:47.435,SEND,DEALERWEB_REPO,asldevtrd1,912828ZZ6_20250505_20250506,Buy,25.00,4.4200,Limit,FAS,-1,
2025-05-05T14:05:47.436,SENT,DEALERWEB_REPO,asldevtrd1,912828ZZ6_20250505_20250506,Buy,25.00,4.4200,Limit,FAS,29,
2025-05-05T14:05:47.436,SEND,BTEC_REPO_US,TEST2,SP25_912828ZZ6_C_Par_0,Sell,25.00,0.1300,Limit,FAK,-1,
2025-05-05T14:05:47.436,SENT,BTEC_REPO_US,TEST2,SP25_912828ZZ6_C_Par_0,Sell,25.00,0.1300,Limit,FAK,30,
2025-05-05T14:05:48.565,SEND,DEALERWEB_REPO,asldevtrd1,912828ZZ6_20250505_20250506,Buy,25.00,4.4200,Limit,FAS,-1,
2025-05-05T14:05:48.565,SENT,DEALERWEB_REPO,asldevtrd1,912828ZZ6_20250505_20250506,Buy,25.00,4.4200,Limit,FAS,31,
2025-05-05T14:05:48.565,SEND,BTEC_REPO_US,TEST2,SP25_912828ZZ6_C_Par_0,Sell,25.00,0.1300,Limit,FAK,-1,
2025-05-05T14:05:48.566,SENT,BTEC_REPO_US,TEST2,SP25_912828ZZ6_C_Par_0,Sell,25.00,0.1300,Limit,FAK,32,
2025-05-05T14:06:01.377,SEND,DEALERWEB_REPO,asldevtrd1,912810QF8_20250505_20250506,Buy,25.00,4.4200,Limit,FAS,-1,
2025-05-05T14:06:01.377,SENT,DEALERWEB_REPO,asldevtrd1,912810QF8_20250505_20250506,Buy,25.00,4.4200,Limit,FAS,33,
2025-05-05T14:06:01.377,SEND,BTEC_REPO_US,TEST2,SP25_912810QF8_C_Par_0,Sell,25.00,0.1100,Limit,FAK,-1,
2025-05-05T14:06:01.377,SENT,BTEC_REPO_US,TEST2,SP25_912810QF8_C_Par_0,Sell,25.00,0.1100,Limit,FAK,34,
2025-05-05T14:06:01.403,SEND,DEALERWEB_REPO,asldevtrd1,912810PZ5_20250505_20250506,Buy,25.00,4.4200,Limit,FAS,-1,
2025-05-05T14:06:01.403,SENT,DEALERWEB_REPO,asldevtrd1,912810PZ5_20250505_20250506,Buy,25.00,4.4200,Limit,FAS,35,
2025-05-05T14:06:01.403,SEND,BTEC_REPO_US,TEST2,SP25_912810PZ5_C_Par_0,Sell,25.00,0.1100,Limit,FAK,-1,
2025-05-05T14:06:01.403,SENT,BTEC_REPO_US,TEST2,SP25_912810PZ5_C_Par_0,Sell,25.00,0.1100,Limit,FAK,36,
2025-05-05T14:06:03.593,SEND,DEALERWEB_REPO,asldevtrd1,912828ZZ6_20250505_20250506,Buy,25.00,4.4200,Limit,FAS,-1,
2025-05-05T14:06:03.593,SENT,DEALERWEB_REPO,asldevtrd1,912828ZZ6_20250505_20250506,Buy,25.00,4.4200,Limit,FAS,37,
2025-05-05T14:06:03.593,SEND,BTEC_REPO_US,TEST2,SP25_912828ZZ6_C_Par_0,Sell,25.00,0.1300,Limit,FAK,-1,
2025-05-05T14:06:03.593,SENT,BTEC_REPO_US,TEST2,SP25_912828ZZ6_C_Par_0,Sell,25.00,0.1300,Limit,FAK,38,
2025-05-05T14:06:19.432,SEND,DEALERWEB_REPO,asldevtrd1,912810PZ5_20250505_20250506,Buy,25.00,4.4200,Limit,FAS,-1,
2025-05-05T14:06:19.433,SENT,DEALERWEB_REPO,asldevtrd1,912810PZ5_20250505_20250506,Buy,25.00,4.4200,Limit,FAS,39,
2025-05-05T14:06:19.433,SEND,BTEC_REPO_US,TEST2,SP25_912810PZ5_C_Par_0,Sell,25.00,0.1100,Limit,FAK,-1,
2025-05-05T14:06:19.433,SENT,BTEC_REPO_US,TEST2,SP25_912810PZ5_C_Par_0,Sell,25.00,0.1100,Limit,FAK,40,
2025-05-05T14:07:30.740,SEND,BTEC_REPO_US,TEST2,USP_91282CMY4_C_Par_0,Buy,50.00,4.2700,Limit,FAK,-1,
2025-05-05T14:07:30.740,SENT,BTEC_REPO_US,TEST2,USP_91282CMY4_C_Par_0,Buy,50.00,4.2700,Limit,FAK,41,
2025-05-05T14:07:30.740,SEND,DEALERWEB_REPO,asldevtrd1,91282CMY4_20250505_20250506,Sell,50.00,3.0000,Limit,FAS,-1,
2025-05-05T14:07:30.740,SENT,DEALERWEB_REPO,asldevtrd1,91282CMY4_20250505_20250506,Sell,50.00,3.0000,Limit,FAS,42,
timestamp,operation,source,trader,instrumentId,direction,size,price,orderType,tif,requestId,orderId

2025-05-05T14:14:31.225,SEND,DEALERWEB_REPO,asldevtrd1,912810SB5_20250505_20250506,Buy,100.00,4.4200,Limit,FAS,-1,
2025-05-05T14:14:31.226,SENT,DEALERWEB_REPO,asldevtrd1,912810SB5_20250505_20250506,Buy,100.00,4.4200,Limit,FAS,1,
2025-05-05T14:14:40.959,SEND,FENICS_USREPO,frosasl1,2323363,Buy,200.00,4.3200,Limit,FAK,-1,
2025-05-05T14:14:40.959,SENT,FENICS_USREPO,frosasl1,2323363,Buy,200.00,4.3200,Limit,FAK,2,
2025-05-05T14:14:43.102,SEND,FENICS_USREPO,frosasl1,2323364,Buy,150.00,4.3100,Limit,FAK,-1,
2025-05-05T14:14:43.103,SENT,FENICS_USREPO,frosasl1,2323364,Buy,150.00,4.3100,Limit,FAK,3,
2025-05-05T14:14:47.410,SEND,FENICS_USREPO,frosasl1,2330068,Buy,200.00,4.3200,Limit,FAK,-1,
2025-05-05T14:14:47.410,SENT,FENICS_USREPO,frosasl1,2330068,Buy,200.00,4.3200,Limit,FAK,4,
2025-05-05T14:14:49.562,SEND,FENICS_USREPO,frosasl1,2330069,Buy,100.00,4.3200,Limit,FAK,-1,
2025-05-05T14:14:49.562,SENT,FENICS_USREPO,frosasl1,2330069,Buy,100.00,4.3200,Limit,FAK,5,
2025-05-05T14:14:51.714,SEND,FENICS_USREPO,frosasl1,2330977,Buy,200.00,4.3200,Limit,FAK,-1,
2025-05-05T14:14:51.715,SENT,FENICS_USREPO,frosasl1,2330977,Buy,200.00,4.3200,Limit,FAK,6,
2025-05-05T14:14:53.412,SEND,BTEC_REPO_US,TEST2,UGC_371488AR8_C_Par_0,Buy,50.00,4.2600,Limit,FAK,-1,
2025-05-05T14:14:53.412,SENT,BTEC_REPO_US,TEST2,UGC_371488AR8_C_Par_0,Buy,50.00,4.2600,Limit,FAK,7,
2025-05-05T14:14:53.412,SEND,FENICS_USREPO,frosasl1,1571414,Sell,50.00,4.0000,Limit,FAK,-1,
2025-05-05T14:14:53.413,SENT,FENICS_USREPO,frosasl1,1571414,Sell,50.00,4.0000,Limit,FAK,8,
2025-05-05T14:14:53.770,SEND,FENICS_USREPO,frosasl1,2330977,Buy,150.00,4.3200,Limit,FAK,-1,
2025-05-05T14:14:53.770,SENT,FENICS_USREPO,frosasl1,2330977,Buy,150.00,4.3200,Limit,FAK,9,
2025-05-05T14:14:53.900,SEND,FENICS_USREPO,frosasl1,2331105,Buy,150.00,4.3100,Limit,FAK,-1,
2025-05-05T14:14:53.900,SENT,FENICS_USREPO,frosasl1,2331105,Buy,150.00,4.3100,Limit,FAK,10,
2025-05-05T14:14:56.030,SEND,FENICS_USREPO,frosasl1,2331253,Buy,200.00,4.3100,Limit,FAK,-1,
2025-05-05T14:14:56.030,SENT,FENICS_USREPO,frosasl1,2331253,Buy,200.00,4.3100,Limit,FAK,11,
2025-05-05T14:15:00.337,SEND,FENICS_USREPO,frosasl1,2333047,Buy,200.00,4.3200,Limit,FAK,-1,
2025-05-05T14:15:00.337,SENT,FENICS_USREPO,frosasl1,2333047,Buy,200.00,4.3200,Limit,FAK,12,
2025-05-05T14:15:02.485,SEND,FENICS_USREPO,frosasl1,2333140,Buy,150.00,4.3200,Limit,FAK,-1,
2025-05-05T14:15:02.485,SENT,FENICS_USREPO,frosasl1,2333140,Buy,150.00,4.3200,Limit,FAK,13,
2025-05-05T14:15:04.567,SEND,FENICS_USREPO,frosasl1,2333140,Buy,150.00,4.3200,Limit,FAK,-1,
2025-05-05T14:15:04.567,SENT,FENICS_USREPO,frosasl1,2333140,Buy,150.00,4.3200,Limit,FAK,14,
2025-05-05T14:15:04.644,SEND,FENICS_USREPO,frosasl1,2334564,Buy,150.00,4.3100,Limit,FAK,-1,
2025-05-05T14:15:04.645,SENT,FENICS_USREPO,frosasl1,2334564,Buy,150.00,4.3100,Limit,FAK,15,
2025-05-05T14:15:12.956,SEND,DEALERWEB_REPO,asldevtrd1,91282CMP3_20250505_20250506,Buy,75.00,4.4000,Limit,FAS,-1,
2025-05-05T14:15:12.956,SENT,DEALERWEB_REPO,asldevtrd1,91282CMP3_20250505_20250506,Buy,75.00,4.4000,Limit,FAS,16,
2025-05-05T14:15:34.679,SEND,FENICS_USREPO,frosasl1,2323363,Buy,200.00,4.3200,Limit,FAK,-1,
2025-05-05T14:15:34.679,SENT,FENICS_USREPO,frosasl1,2323363,Buy,200.00,4.3200,Limit,FAK,17,
2025-05-05T14:15:36.832,SEND,FENICS_USREPO,frosasl1,2323364,Buy,150.00,4.3100,Limit,FAK,-1,
2025-05-05T14:15:36.832,SENT,FENICS_USREPO,frosasl1,2323364,Buy,150.00,4.3100,Limit,FAK,18,
2025-05-05T14:15:41.142,SEND,FENICS_USREPO,frosasl1,2330068,Buy,200.00,4.3200,Limit,FAK,-1,
2025-05-05T14:15:41.142,SENT,FENICS_USREPO,frosasl1,2330068,Buy,200.00,4.3200,Limit,FAK,19,
2025-05-05T14:15:43.286,SEND,FENICS_USREPO,frosasl1,2330069,Buy,100.00,4.3200,Limit,FAK,-1,
2025-05-05T14:15:43.286,SENT,FENICS_USREPO,frosasl1,2330069,Buy,100.00,4.3200,Limit,FAK,20,
2025-05-05T14:15:45.481,SEND,FENICS_USREPO,frosasl1,2330977,Buy,200.00,4.3200,Limit,FAK,-1,
2025-05-05T14:15:45.481,SENT,FENICS_USREPO,frosasl1,2330977,Buy,200.00,4.3200,Limit,FAK,21,
2025-05-05T14:15:47.592,SEND,FENICS_USREPO,frosasl1,2331105,Buy,150.00,4.3100,Limit,FAK,-1,
2025-05-05T14:15:47.592,SENT,FENICS_USREPO,frosasl1,2331105,Buy,150.00,4.3100,Limit,FAK,22,
2025-05-05T14:15:49.750,SEND,FENICS_USREPO,frosasl1,2331253,Buy,200.00,4.3100,Limit,FAK,-1,
2025-05-05T14:15:49.750,SENT,FENICS_USREPO,frosasl1,2331253,Buy,200.00,4.3100,Limit,FAK,23,
2025-05-05T14:15:54.052,SEND,FENICS_USREPO,frosasl1,2333047,Buy,200.00,4.3200,Limit,FAK,-1,
2025-05-05T14:15:54.052,SENT,FENICS_USREPO,frosasl1,2333047,Buy,200.00,4.3200,Limit,FAK,24,
2025-05-05T14:15:56.204,SEND,FENICS_USREPO,frosasl1,2333140,Buy,150.00,4.3200,Limit,FAK,-1,
2025-05-05T14:15:56.205,SENT,FENICS_USREPO,frosasl1,2333140,Buy,150.00,4.3200,Limit,FAK,25,
2025-05-05T14:15:58.359,SEND,FENICS_USREPO,frosasl1,2334564,Buy,150.00,4.3100,Limit,FAK,-1,
2025-05-05T14:15:58.359,SENT,FENICS_USREPO,frosasl1,2334564,Buy,150.00,4.3100,Limit,FAK,26,
